2620 3657
644 169 1896 234 sEcT.Ii.PERSPIRAT10.0
2061 223 2072 234 ,
2201 183 2319 232 ,43

154 243 419 292 halationem
443 276 456 299 ‚
486 241 598 301 quali
629 245 682 288 de
714 244 882 302 liquore
912 253 1176 300 evaporante
1207 238 1300 284 fieri
1323 272 1335 293 ‚
1366 233 1553 281 omnino
1584 241 1821 289 repugnat.
1855 226 1974 273 Sicca
2004 237 2123 272 enim
2145 225 2312 281 epider‘

155 304 240 348 mis
274 305 455 349 mollem
487 314 633 348 cutem
666 304 718 348 ab
750 317 843 348 aere
874 301 1101 354 defendit,
1134 312 1270 355 neque
1301 292 1522 340 exhalatio
1572 291 1699 336 ullius
1733 287 1952 334 momenti
1987 284 2044 329 est
2064 318 2076 339 ,
2109 284 2184 329 nisi
2215 299 2319 328 cum

157 360 284 420 signis
317 359 584 418 impulsionis
617 360 830 406 arteriosae
863 372 1024 414 acutae,
1055 359 1225 412 calore,
1258 356 1440 404 rubore,
1474 347 1593 407 pulsu
1615 381 1640 410 ,ι
1674 346 1865 410 Exhalat
1897 355 2041 389 autem
2073 341 2116 386 &
2149 341 2321 388 univer·

163 418 204 464 sa
233 420 342 466 cutis
374 419 598 475 exterior,
629 421 671 466 8<
704 420 887 466 interior
918 418 1006 464 oris
1040 416 1210 461 narium
1230 447 1242 469 ,
1275 409 1564 471 genitalium,
1596 421 1678 451 via:
1712 404 1879 450 cibariae
1911 403 1954 447 ὅ(
1986 415 2116 446 aereae
2148 403 2242 456 (n).
2304 433 2310 438 -

864 538 902 590 ς.
936 533 1014 578 ῘΧ.
1046 531 1067 552 ’“
1102 526 1338 575 Exhalati'o
1367 522 1619 581 multiplex.

232 651 470 697 Exhalatio
501 651 582 697 alia
615 651 672 697 est
703 660 825 698 extra
858 661 1006 696 cutem
1035 647 1078 692 8<
1111 641 1427 704 epidermidem
1448 674 1462 696 ‚
1494 636 1722 692 materiei,
1751 649 1843 692 quae
1862 633 1913 679 de
1932 630 2332 699 corpore-animato

174 710 340 754 decedit
362 742 374 762 ‚
407 711 542 767 vulgo
575 722 678 755 nota
698 743 709 755 .
746 708 852 754 Alia
884 720 1006 753 extra
1037 716 1213 758 cutem,
1245 701 1314 746 sed
1348 700 1409 745 cis
1442 697 1704 744 cuticulam.
1738 697 1843 739 Haec
1874 704 2012 737 cutim
2036 702 2213 745 mitigat
2234 703 2328 732 :ea-

177 770 275 813 dem
309 768 412 812 facit
445 780 518 823 ut,
551 779 720 813 remota
750 765 1017 824 epidermide
1040 797 1052 816 ‚
1083 762 1236 807 diflato
1270 773 1382 803 nunc
1416 758 1502 802 hoc
1535 752 1801 811 perspirabili
1823 785 1836 807 ,
1867 751 1978 796 cutis
2008 749 2112 794 sicca
2142 747 2219 792 fiat
2250 749 2334 801 (i).

240 825 304 868 Ita
336 840 388 868 ex
421 825 654 883 repercussa
684 823 1001 878 haemorrhagia
1032 820 1199 878 sanguis
1232 817 1307 864 sub
1336 813 1604 873 ep-idermide
1637 810 1778 866 erupit
1811 843 1824 864 ,
1858 824 1934 865 per
1966 819 2112 852 totum
2146 819 2334 862 corpus,

179 883 220 927 &
255 883 404 927 lividas
439 885 624 928 maculas
657 882 760 931 fecit
793 884 891 934 (2).
923 881 1074 925 Etiam
1106 880 1151 924 in
1184 875 1406 935 nigredine
1450 868 1768 916 melancholica
1815 866 1929 923 quasi
1962 864 2224 923 pulvisculus
2260 860 2335 908 sub

185 941 500 999 epidermidem
531 940 683 986 effusus
714 939 772 985 est
802 939 952 998 niger,
984 937 1058 996 qui
1093 937 1228 983 lintea
1259 931 1460 978 adfriclus
1495 928 1684 986 tingeret
1704 927 1786 982 (3)
1808 957 1819 969 .
2164 934 2166 937 ’

577 1057 613 1112 §.
649 1054 702 1099 X.
734 1051 1105 1113 Transpt'ratt'onis
1136 1048 1252 1108 copia
1286 1047 1331 1093 in
1362 1043 1634 1104 universum.
1670 1041 1940 1084 Invemores.

246 1170 513 1230 Magnitudo
544 1170 727 1227 organi,
757 1169 985 1217 innumera
1016 1169 1084 1215 vis
1115 1166 1353 1213 fistularum
1403 1163 1449 1208 in
1479 1160 1638 1219 exiguo
1669 1155 1810 1214 spatio
1852 1152 2105 1210 sti'patarum
2132 1185 2146 1207 ,
2190 1151 2338 1197 celeri-

189 1240 252 1274 tas
273 1262 286 1284 ,
317 1243 401 1286 qua
431 1229 600 1274 fumum
632 1230 683 1273 de
715 1243 844 1274 manu
877 1229 1075 1274 videmus
1106 1227 1306 1271 exhalare
1327 1257 1341 1278 ,
1371 1221 1498 1277 seque
1529 1216 1728 1272 consequi
1752 1213 2049 1278 ‚arteriarum
2083 1211 2133 1254 ad
2167 1210 2341 1256 univer-

188 1287 278 1332 sam
309 1300 454 1332 cutem
474 1319 486 1341 ,
518 1286 591 1331 etsi
624 1301 765 1343 parvae
795 1287 908 1342 fint,
938 1299 1088 1331 tamen
1121 1283 1374 1328 vastissimus
1406 1292 1636 1330 numerus,
1667 1287 1819 1319 omma
1850 1269 2158 1320 consentfflffl’
2190 1282 2236 1312 ut
2268 1270 2341 1311 ha·

196 1345 298 1390 litus
328 1344 497 1389 cutanei
529 1344 748 1390 uberrima
778 1344 830 1390 fit
861 1345 1083 1390 excretio.
1117 1342 1274 1398 Neque
1306 1354 1353 1384 ea
1375 1372 1387 1393 ,
1421 1351 1515 1394 quae
1557 1334 1669 1391 apud
1717 1328 1981 1375 sanfflorium
2030 1327 2242 1392 legimus,
2274 1326 2346 1369 de·

194 1405 296 1447 bent
330 1402 453 1448 nobis
484 1403 590 1447 adeo
621 1403 835 1459 paradoxa
866 1403 1035 1458 videri,
1067 1416 1167 1446 cum
1211 1416 1233 1443 a
1267 1397 1361 1442 solo
1392 1396 1537 1439 calore
1569 1393 1726 1450 piantae
1771 1389 1865 1445 plus
1909 1385 2178 1443 perspirent,
2211 1397 2347 1440 quam

191 1462 361 1524 homo3
392 1462 531 1506 homo
562 1462 604 1507 ὃ(
635 1462 825 1506 calorem
871 1463 1084 1516 majorem
1134 1458 1320 1511 habeat,
1364 1454 1409 1498 &
1444 1452 1539 1496 vim
1570 1450 1712 1495 cordis
1758 1445 2061 1507 impellentem
2085 1476 2096 1489 .
2128 1439 2346 1499 QuotidIe

190 1518 428 1574 perspirans
459 1519 618 1566 halitus
647 1520 817 1576 pondus
846 1520 956 1564 rami
988 1518 1184 1575 superat,
1215 1518 1267 1561 de
1299 1528 1388 1571 quo
1421 1509 1571 1569 prodit
1602 1510 1664 1563 (o)
1683 1540 1694 1552 .
1726 1505 1916 1550 Coronae
1949 1501 2051 1547 solis
2083 1500 2343 1560 perspiratio

181 1574 252 1619 ‘est
284 1575 332 1637 ad
366 1577 632 1630 humanam,
665 1577 731 1622 uti
769 1591 833 1630 17.
867 1577 917 1621 ad
955 1593 1003 1622 ι..
1024 1579 1120 1633 (p).

186 1655 187 1658 =
257 1631 426 1676 Primus
458 1635 507 1676 ad
540 1633 785 1679 mensuram
818 1634 1068 1678 sumendam
1113 1630 1334 1688 adspiraffe
1365 1627 1526 1672 dicitur
1557 1620 1803 1670 Cardinalis
1846 1616 2042 1676 Cusanus
2068 1620 2167 1673 (q),
2229 1618 2348 1672 cujus

195 1703 339 1754 opera·
357 1703 578 1747 nunquam
611 1691 734 1747 vidi;
766 1692 919 1736 deinde
950 1692 1021 1735 Cl.
1052 1689 1303 1734 Sanflorius
1332 1688 1468 1743 longo
1500 1694 1701 1739 tempore
1733 1677 1887 1724 sumtis
1904 1675 2216 1732 experimentis
2249 1689 2349 1731 per.-

194 1748 476 1812 spirationem
524 1750 574 1792 ad
608 1750 797 1805 pondera
846 1764 1051 1794 revocare
1093 1747 1278 1793 studuit.
1326 1745 1537 1788 Nondum
1582 1753 1729 1784 tamen
1772 1734 1922 1781 doctus
1965 1732 2268 1790 experimenta
2299 1732 2346 1776 in

192 1807 351 1860 diaria,
382 1819 512 1869 inque
545 1807 719 1851 tabellas
751 1807 993 1863 conjicere,
1025 1804 1298 1863 aphorismos
1332 1801 1455 1846 nobis
1486 1801 1558 1843 dat
1588 1832 1601 1853 ,
1632 1797 1706 1855 qui
1741 1804 1910 1852 ponunt
1944 1803 2168 1848 tamquam
2201 1790 2349 1834 sunda-

196 1876 395 1928 mentum
430 1864 596 1918 sylvam
626 1865 962 1909 adnotationum
990 1897 1003 1918 ,
1036 1878 1167 1919 quam
1199 1862 1376 1918 quidem
1409 1858 1579 1912 sylvam
1611 1855 1774 1913 pariter
1804 1849 2037 1908 oportebat
2069 1847 2270 1902 edidisse,
2302 1858 2351 1891 ut

197 1936 352 1978 cuique
386 1922 625 1977 constaret,
657 1937 763 1967 num
796 1921 900 1978 justa
930 1921 1159 1967 corollaria
1205 1921 1316 1974 sint,
1348 1931 1440 1974 quae
1485 1916 1556 1959 (ΣΙ.
1590 1914 1662 1958 vir
1693 1911 1781 1956 sola
1811 1908 1956 1954 dedit.
2006 1906 2138 1951 Nunc
2182 1905 2271 1950 fere
2304 1904 2352 1950 in

196 1978 332 2025 fidem
363 1981 452 2044 eius
482 1979 673 2037 recipere
702 1991 912 2037 oportet,
943 1996 966 2024 a
999 1995 1085 2024 non
1118 1978 1288 2038 gnaris,
1320 1975 1472 2032 quibus
1505 1967 1820 2029 experimentis
1865 1962 2083 2029 persuasus
2136 1977 2182 2007 ea
2215 1962 2355 2008 confi-

198 2048 422 2093 gnaverit.
455 2037 686 2084 Ostensum
718 2038 776 2083 est
807 2038 941 2084 etiam
973 2038 1066 2094 (q*)
1092 2067 1104 2089 ‚
1148 2038 1288 2082 multa
1338 2035 1433 2078 loca
1463 2025 1680 2073 Sanfiorii
1723 2027 1772 2070 ad
1805 2023 2117 2068 Galenicorum
2169 2020 2354 2078 placito-

201 2108 299 2139 rum
330 2095 414 2158 (r),
441 2095 484 2140 8<
514 2096 564 2140 ad
596 2096 777 2142 theoriae
807 2095 1051 2154 analogiam
1083 2092 1417 2141 accommodata
1448 2087 1528 2133 esse
1560 2101 1572 2145 3
1604 2085 1713 2131 alios
1745 2083 1817 2128 Cl.
1850 2079 1937 2146 yiri
1969 2078 2246 2143 aphorismos
2277 2077 2355 2123 sibi

205 2154 499 2218 contradicere
529 2154 617 2208 (s).
650 2155 800 2200 Multa
830 2154 942 2205 mihi
975 2154 1082 2198 adeo
1113 2152 1344 2211 peculiaria
1390 2147 1621 2201 videntur,
1668 2154 1716 2189 ut
1747 2153 1936 2188 omnino
1980 2137 2136 2196 absque
2167 2135 2355 2182 infinitis

205 2222 518 2265 experimentis
551 2212 694 2257 resciri
726 2227 817 2257 non
847 2211 1096 2269 potuerint.
1647 2229 1649 2234 ’
2321 2220 2324 2225 ’

265 2265 363 2312 Post
395 2282 495 2314 eum
524 2268 571 2314 in
602 2270 746 2316 Gallia
777 2270 870 2328 pius
904 2269 973 2315 vir
1002 2269 1045 2314 8<
1076 2267 1225 2315 dossus
1259 2263 1490 2367 Dimgstm
1521 2261 1690 2307 Dodart
1731 2260 1814 2314 (t)
1858 2255 1905 2301 1¹¹
1950 2253 2135 2313 P1’0P1'10
2164 2265 2353 2310 Corpore

1453 2337 1475 2366 2
2222 2324 2351 2368 expe*

201 2717 2349 2754 *Q—m—*mffl——m-——¹-—-

248 2861 307 2907 (n)
333 2870 468 2908 xaauw
491 2874 628 2918 perspir.
665 2886 701 2908 n.
729 2878 782 2909 18.
808 2877 912 2921 Ripp.
939 2873 1041 2919 Epid.
1071 2875 1128 2910 vt.
1155 2872 1247 2910 sest.
1352 2868 1411 2916 (q)
1438 2868 1488 2905 Ab
1513 2878 1552 2902 eo
1578 2866 1635 2901 sna
1660 2876 1727 2900 non
1765 2862 1913 2898 habuiffe
1949 2856 2148 2909 sanHoriur
2169 2854 2206 2907 in
2232 2857 2258 2904 ξ.
2284 2854 2355 2898 fen-J

201 2913 236 2944 6.
262 2914 375 2947 Galen.
402 2918 441 2950 de
467 2920 522 2952 usu
551 2921 628 2964 puis.
659 2934 687 2955 c.
717 2933 747 2962 5.
1305 2918 1394 2952 avie.
1421 2928 1452 2960 l>-
1478 2919 1536 2949 8¹·

201 3012 223 3045 p
246 2957 302 3044 g)
335 2965 474 3039 guam.
499 2967 592 3005 Mea.
617 2967 686 3002 obs.
721 2967 762 3002 of
781 2966 812 3010 {a
839 2967 962 3003 societ.
999 2973 1033 3002 at
1058 2964 1168 3002 rond.
1196 2967 1246 3002 ιι.
1352 2963 1436 3008 (ψ’)
1462 2961 1577 2996 Multa
1604 2970 1674 2994 ⁸0¹¹
1701 2956 1779 2991 (ὡς
1803 2962 1898 2990 ‘²¹⁸²
1923 2954 1986 2989 ‘ff‘
2000 2948 2244 2988 s‘*‘¹¹’⁶”’”'“
2265 2945 2356 2989 ‘'h'‘

226 3026 232 3035 .
294 3017 371 3045 .4.
1304 3009 1420 3045 fiolo.
1475 3032 1483 3039 .
1533 3009 1589 3040 88.
2280 3017 2285 3027 ⁸

243 3048 305 3090 (²)
331 3056 463 3098 Rouppe
489 3056 596 3091 morb.
625 3059 735 3102 navig.
761 3070 793 3104 p.
811 3060 991 3105 174.seqq.
1351 3020 1408 3097 (ΐξ
1431 3019 1550 3088 ῙίῖῘέΞΥ
1575 3064 1610 3085 Π·
1627 3055 1657 3084 ⁶·
1673 3060 1706 3091 7·

245 3090 304 3136 (3)
333 3100 390 3133 iii.
418 3104 520 3144 Lm,
547 3104 754 3139 Mei-nemi.
776 3117 870 3148 μη.
1351 3101 1403 3144 (ς)
1432 3102 1459 3134 1.
1487 3111 1521 3132 n.
1552 3105 1604 3139 5⁶.
1628 3098 1660 3132 ει
1687 3097 1755 3131 iii.
1791 3105 1825 3128 n.
1853 3094 1907 3132 76.
1934 3097 1969 3126 et
1994 3093 2057 3127 w.
2082 3099 2115 3122 n·
2141 3097 2197 3129 ²9·
2233 3083 2355 3121 secker

242 3140 300 3182 (0)
325 3148 432 3180 Mem.
462 3147 500 3180 de
526 3149 668 3184 l'Acad.
698 3154 854 3196 1748.''p.
882 3162 958 3192 573.
1303 3159 1336 3184 n.
1367 3151 1418 3181 16.
2133 3174 2137 3176 -

244 3189 306 3230 (P)
334 3193 451 3226 Halles
474 3203 582 3238 veget.
609 3199 696 3231 Stat.
724 3208 797 3240 pag.
823 3207 876 3231 ιι.
902 3196 1022 3232 sumtis
1048 3194 1159 3233 unciis
1184 3205 1237 3239 31.
1349 3193 1406 3235 (t)
1432 3189 1601 3226 MeOEOif‘
1627 3187 1666 3224 '1⁸
1692 3184 1950 3222 1'302d·⁸⁹⁸¹²·
1970 3186 2071 3226 1695·
2091 3181 2216 3226 9⁸²7&
2276 3216 2279 3221 s

197 3249 258 3287 pro
284 3240 524 3286 perspiraiione
550 3240 698 3278 humana
723 3253 755 3288 p.
773 3255 825 3280 xo.
