2566 3641
513 120 872 180 &EC'Ts‘L
934 119 1907 172 FABRICA'OR'GANI.
2023 197 2029 203 ἢ
2207 139 2299 187 ‘173

815 237 852 292 §.
888 237 980 284 XL.
1014 236 1203 282 Arteriae
1243 236 1390 296 organi
1419 238 1596 284 auditus
1617 273 1631 286 .

188 349 346 397 Multae
378 353 420 399 3<
451 352 614 410 exiguae
646 350 746 397 sunt
776 353 899 412 hujus
932 353 1081 413 organi
1113 355 1277 400 arteria:
1311 390 1322 409 ,
1372 370 1511 412 neque
1553 356 1755 401 haetenus
1803 372 1956 403 omnes
2001 359 2288 407 innotuerunt

132 419 276 465 parva}
320 425 418 456 curn
462 411 541 456 {int
571 446 583 465 ,
626 412 668 457 &
704 400 812 457 ‘cum
857 427 926 456 eas
975 427 1050 469 per
1093 412 1313 458 durissima
1345 413 1432 458 offa
1466 414 1625 460 necesse
1656 411 1706 459 sit
1738 414 1965 472 persequi.
1998 417 2106 475 Quae
2139 433 2290 465 tamen

129 480 242 513 nunc
274 469 501 522 dicentur,
534 485 634 518 vem
666 482 818 523 erunt,
851 469 925 514 etsi
959 481 1047 515 non
1079 485 1265 515 omnino
1307 473 1458 526 plena.
1892 493 1894 495 ·

191 526 491 572 Auricularem
525 527 807 584 posteriorem
839 528 1042 573 arteriam
1075 529 1266 572 diximus
1299 530 1417 582 (t),
1449 544 1541 585 quae
1574 531 1644 575 vel
1693 531 1871 587 propria
1918 531 1977 577 est
2007 535 2174 580 arteriae
2221 552 2294 582 ca*

127 583 284 628 rotidis
317 585 484 629 externi
522 601 744 642 propago,
776 586 846 629 vel
879 600 930 629 ex
965 586 1189 642 occipitali
1214 585 1438 647 nascitur.
1473 587 1575 640 Ejus
1611 601 1783 635 truncus
1815 589 1860 634 in
1892 591 2004 648 plica
2025 591 2141 637 inter
2155 608 2286 651 caput

132 642 176 686 ὅ(
207 657 358 687 aurem
391 644 604 687 adscendit
638 643 864 699 ramosque
897 643 1064 688 emittit
1099 643 1332 705 inferiores·
1355 644 1403 686 ad
1455 645 1679 707 lohulum,
1713 660 1883 703 tragum
1909 682 1923 703 ‚
1970 649 2238 707 antitragum
2270 683 2288 707 ,

133 712 330 744 meatum
363 701 625 746 auditorium
649 736 661 755 ,
695 703 772 745 hos
807 701 1067 745 inosculatos
1101 702 1356 755 temporalis
1395 714 1560 746 arteriae
1595 704 1815 758 profundis
1847 708 2202 764 ramuli52porro
2225 709 2288 756 su·

130 757 320 811 periores
353 758 461 802 alios
495 760 543 802 ad
577 761 820 810 concham,
855 758 1071 811 helicem,
1103 759 1407 812 anthelicem,
1438 758 1480 809 δ(
1513 760 1726 822 reliquam
1758 765 2291 820 auriculam‚inosculatos'

129 815 412 860 anterioribus
445 817 559 868 (u).
597 818 667 860 Ab
699 831 744 859 ea
777 817 1027 872 plerumque
1066 815 1222 859 arteria
1260 814 1603 870 stylomastozdea
1636 821 1725 870 (x)
1758 821 1944 866 nascitur
1983 838 2132 868 eomes
2165 827 2291 871 nervi

130 872 251 926 duri,
284 888 374 928 quae
409 874 566 918 meatui
600 874 817 919 auditorio
848 872 918 915 dat
952 888 1121 917 ramum
1155 907 1167 927 ,
1199 874 1242 918 8<
1279 872 1520 927 surculum,
1556 889 1579 918 a
1611 888 1700 930 quo
1731 891 1890 922 corona
1922 881 1996 924 illa
2029 884 2290 929 membranae

130 932 328 982 tympani
364 930 568 974 niscirur.
604 931 665 974 Ea
697 944 851 986 nempe
885 929 1206 987 circumlegens
1242 931 1357 974 anuli
1393 932 1533 975 sedem
1568 933 1864 989 exteriorem,
1895 937 2112 984 auditorio
2129 942 2293 988 meatui

129 987 353 1033 obversam
375 1021 385 1034 ,
418 989 669 1044 plerumque
702 1004 800 1032 cum
839 985 1007 1032 surculo
1039 989 1188 1043 primo
1227 989 1392 1035 arteriae
1427 1006 1449 1032 a
1484 991 1713 1045 temporali
1749 1004 1856 1037 natae
1891 1026 1906 1048 ,
1953 993 1995 1038 8<
2025 996 2293 1043 articulatio-

130 1059 231 1089 nem
265 1046 451 1090 maxillae
482 1047 690 1099 adeunte,
724 1060 933 1090 coronam
970 1045 1071 1090 facit
1105 1080 1119 1099 ,
1152 1063 1174 1089 a
1209 1060 1293 1102 qua
1325 1047 1540 1093 arbuscula
1574 1051 1664 1106 (y)
1696 1048 1770 1093 illa
1808 1051 2012 1097 arteriosa
2043 1068 2120 1110 per
2151 1070 2290 1100 mem-

129 1102 307 1147 branam
345 1103 537 1158 tympani
572 1102 789 1149 descendit
824 1104 1022 1159 par-allelu
1056 1104 1285 1149 manubrio
1306 1136 1316 1150 .
1536 1141 1538 1143 .
2230 1164 2236 1170 ι

193 1162 324 1205 Alter
354 1160 541 1216 eiusdem
574 1162 761 1206 trunculi
795 1160 981 1206 surculus
1017 1160 1139 1218 super
1171 1163 1470 1207 membranam
1504 1164 1703 1221 tympani
1735 1166 1924 1214 anterius
1954 1168 1999 1213 in
2028 1170 2290 1227 tympanum

129 1215 240 1263 subit
272 1222 392 1273 (γ’)
426 1234 499 1274 per
530 1219 646 1265 anuli
681 1220 875 1263 hiatum.
1621 1247 1626 1250 -
2293 1240 2295 1244 ⁴

187 1277 365 1321 Arteria
399 1276 665 1333 temporalis,
698 1277 761 1322 uti
795 1275 1026 1321 secundum
1059 1277 1294 1323 auriculam
1329 1278 1518 1323 anterius
1549 1281 1599 1324 ad
1632 1291 1836 1338 tempora
1854 1298 2089 1341 properat,
2121 1289 2288 1332 multos

128 1335 179 1377 ad
212 1335 448 1380 auriculam
483 1350 626 1379 ramos
659 1334 777 1379 edit.
811 1335 977 1378 Eorum
1027 1334 1194 1390 primus
1237 1368 1250 1390 ,
1296 1337 1590 1382 articulationi
1633 1340 1755 1385 datus
1799 1342 1986 1388 maxillae
2014 1376 2028 1398 ‚
2072 1344 2295 1391 surculum>

128 1391 298 1436 emittit
330 1409 406 1451 per
435 1392 624 1444 fiffuram
658 1392 1019 1456 articulationis,
1044 1393 1262 1438 comitem
1298 1395 1468 1439 chordae
1502 1397 1728 1452 tympani,
1751 1397 1794 1441 &
1827 1399 2008 1446 musculi
2041 1403 2184 1447 mallei
2219 1419 2291 1448 an-

128 1450 331 1495 terioris.
367 1453 440 1495 Ab
471 1467 523 1495 eo
556 1449 724 1495 surculo
757 1450 813 1494 est
847 1450 879 1494 is
903 1484 915 1503 ,
948 1464 1022 1505 qui
1059 1452 1357 1506 tympanicam
1393 1452 1509 1506 edit,
1540 1467 1611 1498 aut
1644 1470 1744 1499 cum
1774 1455 2286 1514 auriculari,aut—solu5.

126 1561 160 1607 st
190 1506 272 1552 Irni
306 1510 459 1553 adeunt
493 1520 689 1554 meatum
724 1508 986 1552 auditorium
1012 1507 1081 1562 ,&
1116 1508 1227 1553 recie
1261 1510 1426 1555 faciunt
1461 1526 1561 1556 cum
1593 1513 1724 1557 ramis
1753 1514 1918 1560 arteriae
1948 1517 2192 1575 auricularis
2211 1535 2300 1577 po·-

164 1565 313 1610 erioris
347 1571 363 1620 (
427 1568 468 1618 ).

185 1583 419 1679 Sequent}s
451 1624 606 1668 adeunt
639 1636 841 1677 tragum,
873 1623 915 1666 8<
955 1623 1133 1668 initium
1165 1637 1361 1680 meatus,
1393 1625 1435 1669 8<
1467 1625 1696 1673 incisuram
1729 1628 1918 1685 primam
1953 1632 2183 1690 (a);tum
2209 1634 2285 1680 alii

125 1678 340 1734 helicem,
371 1682 596 1737 scapham,
629 1682 924 1730 anthelicem,
959 1693 1129 1736 partem
1168 1695 1334 1728 meatus
1369 1683 1635 1739 superiorem
1656 1720 1670 1741 ,
1702 1687 1890 1732 helicem
1921 1689 2108 1746 iterum,
2140 1693 2183 1737 ὅ(
2215 1707 2287 1737 an-

123 1738 359 1791 thelicem,
391 1738 432 1781 ὃ(
467 1740 710 1791 concham,
744 1738 900 1794 majori
933 1737 1184 1782 anastomosi
1226 1755 1326 1786 cum
1360 1742 1587 1797 posteriori
1637 1745 1854 1790 commissi
1891 1779 1904 1800 ‚
1948 1747 1990 1792 8(
2034 1750 2140 1794 alius
2173 1751 2288 1796 circa

123 1795 311 1839 helicem
342 1795 644 1840 circumflexus
676 1795 769 1849 (b)
790 1827 798 1837 .

186 1853 259 1895 Ab
291 1852 510 1909 occipitali
530 1889 540 1908 ,
573 1851 944 1907 stylomastoidea,
975 1853 1046 1898 vel
1078 1854 1308 1901 auriculari
1340 1856 1503 1914 postica
1535 1892 1549 1914 ,
1594 1860 1810 1916 prodeunt
1843 1861 2005 1908 minuti
2037 1863 2083 1909 in
2114 1867 2294 1914 cellulas.

125 1910 374 1954 mastoideas
408 1910 558 1954 surculi
596 1912 702 1964 (c).

185 1969 223 2009 A
260 1968 473 2012 inarillari
511 1969 678 2012 interna
711 1966 834 2021 supra
866 1968 1157 2025 ligamentum
1192 1970 1475 2017 transversale
1509 1975 1726 2029 maxillae‚
1763 1975 1950 2022 surculus
1983 1979 2123 2025 oritur
2153 1983 2202 2026 ad
2220 1994 2284 2028 tu·

124 2023 183 2067 bae
217 2024 480 2076 musculum,
515 2026 659 2069 tubam
692 2025 827 2079 ipffim
862 2027 1044 2070 mollem
1064 2060 1077 2080 ,
1099 2028 1141 2072 ὅ(
1174 2042 1367 2073 meatum
1398 2031 1669 2077 auditorium
1689 2064 1699 2075 .

187 2079 410 2124 interioris
444 2083 553 2126 auris·
589 2083 715 2126 multi
751 2081 844 2126 sunt
879 2084 1093 2128 trunculi,
1133 2087 1169 2128 A
1202 2086 1547 2139 stylomastoidea
1581 2090 1737 2135 ramuli
1772 2106 1825 2135 ex
1860 2094 2105 2150 aquaeduclu
2135 2097 2282 2142 Fallo·

117 2136 184 2194 pii
215 2139 366 2181 adeunt
398 2140 569 2184 cellulas
604 2140 852 2184 m.1st‹›ideas
886 2141 1004 2195 (d),
1040 2141 1278 2190 musculum
1312 2145 1548 2202 stapedium
1570 2183 1583 2204 ‚
1615 2147 1657 2191 8<
1692 2151 1885 2194 canalem
1917 2152 2280 2201 semicircularem

120 2194 411 2252 exteriorem,
443 2209 526 2253 qua
556 2198 817 2252 aquaeductui
848 2198 906 2242 est
939 2199 1256 2260 viciniffimus;
1288 2202 1332 2248 &
1364 2206 1553 2250 ramulus
1585 2205 1631 2250 in
1679 2218 1849 2263 partem
1892 2211 2179 2266 posteriorem
2213 2212 2280 2258 su·

2134 2271 2279 2326 perio-

160 2844 208 2891 (ι’)
234 2852 262 2882 L
300 2854 341 2883 X.
369 2848 455 2884 Sest.
483 2853 520 2884 V.
551 2849 580 2891 §.
609 2863 639 2893 3⁶
677 2858 856 2895 Duverner
883 2863 906 2889 t.
926 2867 957 2889 2.
987 2857 1012 2890 f.
1031 2867 1062 2891 ιι
1081 2868 1113 2889 2.
1134 2861 1170 2893 Β.
1229 2869 1263 2893 n.
1288 2868 1342 2899 79Δ
1371 2859 1483 2895 Habet
1510 2865 1692 2904 Doevemey
1719 2864 1822 2907 posth.
1850 2865 1917 2899 tab.
1945 2865 2004 2899 cit.
2030 2864 2053 2898 f.
2079 2877 2115 2907 ⁴·

115 2903 150 2938 p.
178 2906 208 2934 4.
240 2897 400 2934 Valslea
425 2895 494 2928 tab.
522 2908 553 2929 ι.
580 2896 635 2931 ubi
663 2901 789 2935 resecta
815 2902 986 2935 indicatur
1008 2924 1017 2934 .
1273 2907 1332 2948 (z)
1364 2905 1450 2940 lbid.
1481 2919 1533 2940 Η.
1563 2919 1594 2951 p.
1627 2911 1676 2941 18.

165 2940 219 2983 (u)
247 2940 370 2973 fascic.
393 2943 435 2992 .3·.
459 2941 528 2974 tab.
554 2951 647 2986 corp·
687 2948 770 2988 post.
811 2959 840 2982 e.
866 2949 897 2981 δε
922 2950 959 2980 L.
988 2950 1027 2982 V.
1056 2948 1085 2990 §.
1112 2949 1170 2985 cit.
1276 2948 1333 2992 (a)
1361 2951 1446 2985 Vide
1472 2954 1563 2986 Fasc.
1590 2957 1620 2987 8.
1651 2954 1721 2987 tab.
1748 2964 1839 2999 corp.
1878 2964 1945 2990 ant.
1974 2959 2011 2990 B.
2037 2959 2077 2990 C·
2102 2958 2142 2991 Ε.
2170 2959 2206 2989 F.
2233 2960 2276 2992 G.

165 2986 231 3027 (x)
258 2990 297 3019 L.
325 2990 365 3018 X,
392 2986 471 3019 ibid.
1229 2998 1410 3039 Duvemey
1439 3005 1466 3032 t.
1493 3009 1522 3030 2.
1550 2999 1576 3034 f.
1603 3011 1625 3034 ι.
1660 3000 1704 3033 ad
1739 3005 1780 3036 C.
1821 3006 1864 3036 D.
1901 3014 1934 3045 p.
1971 3012 2003 3043 4·
2044 3014 2096 3046 50-
2115 3003 2279 3046 Valsalva

139 3031 220 3076 ,(γ)
250 3031 390 3073 Ruyscb.
418 3033 522 3073 Epist.
550 3034 582 3066 8.
607 3039 635 3066 t.
663 3045 695 3074 9.
720 3033 745 3069 f.
774 3047 806 3076 9.
832 3039 862 3072 ἃ
889 3048 922 3081 p.
943 3042 1170 3074 201.Duvaer-
1232 3041 1288 3074 tab
1318 3053 1336 3074 2
1373 3051 1400 3074 t.
1425 3051 1453 3075 t.
1573 3065 1578 3069 -
1828 3065 1835 3073 ·

111 3082 173 3117 my
198 3076 303 3119 posth.
330 3087 355 3109 t.
376 3089 427 3111 12.
445 3077 517 3111 f.1.
542 3090 571 3118 5.
1267 3087 1322 3129 (b)
1353 3091 1394 3119 N,
1425 3099 1477 3128 ²3·

155 3120 239 3161 (γ’)
255 3127 386 3156 Nonne
413 3123 440 3156 is
458 3147 468 3163 ‚
495 3135 595 3167 quem
620 3138 697 3160 cum
724 3127 875 3161 musculo
891 3138 1033 3164 externo
1058 3131 1159 3165 adve·
1266 3131 1318 3176 (c)
1341 3136 1436 3166 Zinn
1463 3144 1485 3176 p
1524 3143 1586 3173 39.

108 3162 184 3201 nire
210 3167 394 3211 Ruysehius
417 3169 534 3206 austor
559 3173 603 3209 est
630 3176 692 3218 Ep,
718 3176 750 3210 8.
776 3184 809 3218 p.
837 3185 890 3210 ιι.
913 3177 944 3211 δι
970 3175 1164 3222 caeffebobm
1265 3177 1324 3223 (d)
1350 3181 1387 3214 L.
1412 3189 1443 3214 c·
1468 3190 1500 3224 p·
1527 3182 1561 3214 8.
