2566 3641
672 233 675 235 ¹
900 179 924 222 1
983 175 1032 224 N
1093 157 1135 219 D
1194 171 1232 217 E
1297 172 1364 217 X.
2059 183 2143 226 439

175 237 276 281 Pars
310 235 422 281 ossea
991 233 1096 278 ibid.

174 297 276 339 Pars
307 288 586 349 cartilaginea
994 291 1100 336 ibid.
1410 285 1445 332 S
1475 284 1511 329 E
1543 282 1586 328 C
1612 281 1658 328 T
1690 282 1711 327 Ι
1741 282 1787 328 0
1846 282 1907 329 Π.

175 350 282 406 saepe
315 364 495 395 curvum
528 347 588 392 est
996 347 1102 393 ibid.

123 423 188 454 xo.
221 410 343 454 Sinus
375 404 594 462 pituitarii
1027 423 1104 451 100
1251 397 1774 446 CORPUSCULA
1805 398 2091 446 ODORA.

177 491 287 500 -—--
322 464 529 509 frontales
997 462 1104 506 ibid.

178 520 353 566 Ostium
386 535 542 565 eorum
998 519 1103 564 ibid.
1170 530 1205 561 1.
1237 514 1406 560 Eorum
1438 511 1614 558 historia
1645 511 1732 557 fere
1762 511 2021 559 desideratur
2069 527 2145 558 111

177 578 285 623 Alia
317 577 519 622 historica
998 576 1104 622 ibid.
1167 590 1206 620 2.
1238 572 1429 618 Effluvia
1461 573 1594 616 odora
1622 571 1674 615 de
1706 570 1920 629 plerisque
1951 570 2147 628 corpori-

120 648 192 680 11.
225 636 350 680 Sinus
383 634 668 691 sphenoideus
1026 649 1098 679 101
1280 631 1355 675 bus
1387 640 1546 674 exeunt
2040 626 2149 673 ibid.

179 692 293 737 Situs
329 694 473 739 varius
999 690 1104 736 ibid.
1224 687 1357 731 etiam
1388 684 1575 731 metallis
2041 684 2147 729 ibid.

179 749 357 795 Ostium
896 763 990 797 101.
1026 763 1103 792 102
1224 743 1435 801 lapidibus
2068 758 2146 787 112

126 821 189 852 12.
223 808 348 852 Sinus
383 806 620 852 maxillaris
1026 823 1102 851 102
1221 800 1506 845 Animalibus
2041 798 2147 846 ibid„

180 864 330 910 Ostia.
363 865 662 921 Conspicuum
708 862 752 908 &
782 865 917 924 vulgo
947 878 1103 910 notum
1219 858 1547 921 Vegetabilibus
2040 856 2147 899 ibid-

1025 937 1101 966 102
1220 916 1410 960 Effluvia
1443 915 1622 959 inodora
1911 946 1913 948 -
2042 913 2147 958 ibid.

178 979 419 1037 Appendix
446 979 536 1036 ejus
570 979 679 1025 finus
1022 993 1097 1030 1b3
1219 987 1271 1017 an
1304 974 1414 1016 odor
1442 988 1465 1015 3
1496 971 1715 1030 phlogisto
2041 970 2145 1015 ibid.

179 1037 362 1082 Cellulae
398 1037 612 1082 orbitariae
996 1034 1103 1080 ibid.
1221 1030 1416 1074 nondum
1447 1041 1617 1075 certum
1649 1030 1707 1073 est
1826 1062 1828 1064 -
2037 1028 2145 1072 ibid.

120 1106 181 1152 13.
214 1095 476 1140 Membrana
507 1093 728 1150 pituitaria
759 1093 929 1140 narIum
1024 1110 1104 1150 104
1166 1104 1205 1148 3.
1236 1086 1501 1150 Corpuscula
1532 1089 1669 1151 odora
1686 1085 1781 1131 sunt
1801 1085 2045 1132 tenuiffima
2069 1100 2145 1143 113

123 1166 193 1209 ¹4-
225 1153 448 1197 Glandulae
480 1154 567 1208 ejus
602 1151 859 1197 membranae
988 1150 1096 1197 ibid.
1212 1145 1385 1209 calculis
1416 1143 1564 1201 pofitls
1596 1146 1637 1189 ld
1670 1144 1910 1190 ostenditur
2021 1141 2137 1191 ibid.

175 1211 227 1255 de
261 1210 312 1254 iis
343 1209 562 1254 dubitatur
1019 1223 1093 1266 ¹05
1214 1204 1296 1248 3113
1328 1202 1530 1264 exempla
2068 1216 2150 1259 ¹14

175 1265 495 1312 confirmantur
698 1294 701 1297 ·
993 1265 1099 1311 ibid.
1219 1273 1365 1305 tamen
1394 1273 1469 1315 per
1489 1270 1650 1303 vitrum
1673 1274 1762 1304 non
1775 1258 1996 1306 transeunt
2040 1258 2146 1305 ibid.

178 1325 290 1368 Vasa
321 1322 497 1369 mucosa
532 1323 577 1367 in
607 1322 862 1371 animalibus
993 1322 1102 1369 ibid.
1164 1335 1203 1369 4-
1235 1319 1511 1380 Summarum
1544 1315 1639 1379 sunt
1672 1318 1837 1363 virium
2040 1314 2146 1363 ibid.

124 1395 189 1440 ¹5·
225 1381 338 1426 Villi
371 1381 629 1426 membranae
659 1380 896 1439 pituitariae
996 1380 1104 1426 ibid.
1221 1377 1263 1421 ὃ(
1297 1388 1413 1418 vires
1443 1374 1633 1418 medicas
2043 1373 2149 1420 ibid„

177 1438 312 1486 dubiae
344 1450 505 1482 naturae
1023 1444 1104 1484 106
1221 1442 1294 1477 aut
1326 1442 1555 1476 venenatas
1586 1432 1818 1477 continent
2041 1431 2147 1476 ibid.

126 1506 191 1542 16.
222 1495 413 1540 Arteriae
446 1495 615 1540 narium
994 1494 1103 1540 ibid.
1217 1489 1382 1553 faciunt
1428 1487 1589 1534 subitos
1651 1488 1918 1550 magnosque
1976 1489 2147 1536 effedius

179 1569 204 1597 3
234 1552 457 1598 maxillari
489 1552 661 1597 interna
994 1552 1101 1597 ibid.
1276 1558 1413 1592 etiam
1455 1557 1605 1593 tenues
1648 1547 1718 1594 sed
1766 1547 1951 1596 aversati
1993 1549 2149 1594 odores

177 1626 323 1656 ramus
361 1609 557 1668 superior
995 1609 1103 1657 ibid.
1329 1661 1338 1669 ·
2069 1618 2146 1661 115

176 1668 362 1713 inferior
999 1667 1104 1711 ibid.
1222 1675 1416 1708 maxtme
1447 1672 1592 1718 putres
2068 1668 2148 1707 116

183 1727 236 1770 ab
266 1724 422 1771 arteria
452 1723 701 1772 ethmoidea
731 1723 937 1772 anteriori
1000 1724 1105 1769 ibid.
1223 1720 1355 1763 etiam
1388 1720 1599 1764 narcotici
2037 1718 2149 1765 ibid..

183 1782 414 1839 posteriori
1028 1800 1104 1838 107
1223 1776 1452 1821 aromatici
1484 1777 1527 1820 8<
1558 1792 1673 1822 acres
2041 1775 2150 1820 ibid.

183 1841 236 1885 ab
268 1839 537 1899 ophtalmica
566 1873 580 1896 ,
618 1838 669 1884 ad
700 1837 838 1886 finum
870 1838 1105 1885 frontalem
1223 1835 1266 1878 &
1297 1835 1458 1878 alentes
2041 1833 2149 1878 ibid,

996 1896 1104 1942 ibid,
1171 1904 1206 1949 5.
1239 1890 1399 1934 Classes
1431 1893 1615 1937 odorum
2070 1907 2150 1948 ¹17

181 1954 234 1998 ad
264 1965 382 1999 nares
996 1953 1105 1999 ibid.
1227 1947 1402 1993 Possunt
1435 1959 1581 1994 tamen
1600 1949 1751 1994 odores
1769 1947 2041 1994 diversorum
2056 1965 2151 1994 cor-

181 2025 205 2054 a
237 2012 425 2056 carotide
456 2011 628 2056 interna
998 2010 1107 2056 ibid.
1283 2020 1441 2069 porum
1484 2007 1531 2052 in
1573 2021 1807 2052 commune
1850 2020 1983 2064 genus
2026 2006 2153 2053 colli=

186 2067 238 2112 ab
268 2067 558 2126 infraorvbitali
999 2067 1107 2114 ibid.
1284 2077 1328 2120 gl
2043 2064 2151 2109 ibid.

185 2139 209 2168 a
239 2125 399 2170 dentali
431 2124 639 2183 superiori
669 2123 897 2182 posteriori
999 2125 1107 2173 ibid.
1226 2121 1426 2166 Odorum
1459 2120 1632 2167 classes.
1662 2118 1940 2167 Ambrofiaci
2045 2120 2153 2167 ibid.

184 2196 209 2225 a
240 2182 427 2238 palatina
1001 2182 1107 2228 ibid.
1224 2179 1481 2224 animalium
1547 2224 1551 2225 ⁷
2045 2177 2154 2225 ibid.

184 2239 250 2284 hae
282 2240 446 2285 arteriae
493 2239 744 2301 sanguinem
787 2239 915 2287 facile
957 2238 1108 2287 sudant
1225 2237 1472 2300 plantarum
2045 2235 2152 2282 ibid.

1030 2303 1107 2343 108
1225 2308 1493 2339 mint-rarum
2076 2298 2153 2339 118

133 2368 197 2409 17.
231 2353 364 2399 Venae
395 2355 567 2401 narium
1003 2354 1110 2400 ibid.
1226 2352 1397 2397 Odores
1447 2350 1523 2396 alii
1567 2350 1679 2410 grati
1715 2348 1844 2403 ,varii
1900 2349 2155 2410 plantarum

131 2414 198 2457 18.
234 2409 377 2474 Nervi
408 2412 578 2458 narium
1032 2430 1110 2468 109
2043 2408 2153 2454 ibid.

181 2483 205 2512 3
238 2481 329 2524 pari
361 2469 510 2525 primo
579 2493 593 2504 ·>
1004 2467 1111 2515 ibid.
1229 2465 1361 2511 etiam
1392 2465 1650 2512 animalium
1892 2480 1897 2484 ·
2075 2481 2156 2522 119

133 2540 195 2579 ¹9.
227 2525 301 2568 Ab
323 2526 599 2582 opthalmico
618 2524 762 2584 quinti
780 2523 893 2584 paris
911 2540 1035 2574 ramo
1055 2528 1110 2573 ib.
1228 2524 1493 2570 minerarum
2044 2522 2154 2569 ibid.

186 2596 211 2624 a
242 2581 426 2628 secundo
457 2599 582 2629 ramo
613 2582 755 2641 quinti
1033 2600 1113 2630 110
1174 2588 1213 2626 6.
1246 2582 1416 2626 Odores
1449 2580 1582 2626 medii
1615 2579 1727 2627 varii
2047 2580 2154 2626 ibid.

184 2633 452 2701 Posteriores
484 2641 655 2687 narium
686 2641 809 2688 nervi
1002 2640 1110 2687 ibid.
1173 2656 1211 2696 7.
1245 2639 1434 2684 Faetores
2046 2636 2153 2682 ibid.

186 2691 238 2738 ab
272 2697 635 2760 mfraorbitalibus
1001 2698 1109 2744 ibid.
1228 2696 1356 2741 Odor
1386 2695 1606 2742 cadaveris
2050 2695 2157 2744 ibid.

185 2766 210 2795 3
241 2753 442 2808 palatinis
1000 2754 1110 2802 ibid.
1226 2753 1426 2798 stercoris
2076 2768 2154 2797 120

186 2808 240 2855 ab
268 2809 551 2860 alveolatibus
813 2840 818 2845 ·
999 2811 1110 2862 ibid.
1229 2810 1545 2875 olei-corrupti
1636 2866 1639 2867 7
1760 2868 1763 2870 q
2049 2809 2159 2855 ibid.

1228 2868 1341 2914 casei
2046 2865 2156 2914 ibid.

1224 2926 1342 2971 vires
1373 2924 1768 2983 aphrodifiacorum
2014 2974 2023 2981 X
2046 2923 2156 2970 ibid.

1224 2983 1377 3028 allium
2025 2981 2154 3032 ibid.

1213 3041 1335 3086 *odor
1365 3039 1597 3093 hystericus
2045 3038 2155 3086 ibid.

1220 3097 1299 3142 alii
1329 3097 1499 3142 faetores
2042 3096 2153 3144 ibid.

1168 3155 1207 3199 8.
1238 3153 1384 3201 Causae
1414 3156 1603 3205 odorum
2076 3170 2150 3200 121

2110 3214 2158 3262 in
