2620 3657
642 174 1774 226 SECT.1.0RGANU·M.
2241 189 2302 243 ’ῃ

883 295 921 350 §.
955 294 1126 339 XXIII.
1163 293 1274 351 Vasa
1299 291 1562 352 sudor-isera.

213 419 265 464 In
299 415 426 463 certis
458 413 560 459 vita:
591 413 789 458 humanae
823 410 1146 456 conditionibus
1170 410 1402 467 epidermis
1433 409 1622 467 undique
1637 409 1824 457 humore
1856 409 2090 468 madescit,
2120 413 2194 470 qui
2218 429 2299 472 per

158 492 288 534 poros
321 475 574 532 plerumque
608 470 908 528 inconspicuos
941 468 1221 525 epidermidis
1253 480 1449 532 penetrat
1481 469 1595 520 (1).
1636 514 1640 516 ,
1876 513 1882 517 ‚
2115 526 2117 531 Α

219 533 300 577 Per
329 529 503 577 arterias
527 544 635 574 ⁴eum
668 529 900 573 humorem
933 526 975 570 in
1010 526 1120 571 cutis
1153 540 1305 581 poros,
1343 540 1490 570 venire
1523 535 1692 572 certum
1725 527 1783 572 est
1814 530 2076 584 (t),'quod
2111 530 2299 576 vascula

157 606 181 635 a
212 603 309 636 cute
344 591 387 634 in
435 587 748 644 epidermidem
795 584 969 638 euntia,
1003 586 1344 641 ligamentorum
1392 583 1504 637 (τ’)
1537 585 1672 629 modo
1720 597 1948 641 utramque
1999 589 2300 635 membranam

159 647 469 692 obnubentium
488 680 499 697 ,
532 647 839 699 abrumpamur
860 675 873 696 ,
903 644 1004 686 dum
1039 640 1271 697 epidermis
1302 641 1533 685 avellitur.
1566 642 1728 687 Dufius
1759 642 1942 699 aquosos
1974 659 1997 704 a
2027 657 2127 689 cute
2157 646 2201 689 in
2223 662 2297 691 cu-

163 706 339 751 ticulam
373 708 440 757 (u)
470 705 671 750 ducentes
705 700 916 756 separabat
936 698 975 741 se
1010 695 1213 741 inveniffe
1246 696 1505 753 Gosquredzcs
1524 698 1697 744 Bidloo.
1731 700 1816 744 Eos
1851 717 1937 746 non
1953 702 2120 746 admifit
2153 703 2300 758 editor

165 764 435 815 Covvperus,
466 773 603 816 neque
637 772 769 813 nuper
800 755 1016 811 conspicui
1051 755 1221 799 fuerunt
1247 786 1257 796 .
1291 756 1368 799 Sed
1401 754 1650 799 arteriosam
1697 757 1858 802 sudoris
1891 759 2107 816 originem
2138 759 2301 806 confir-

170 834 260 866 mat
288 816 336 863 >in
371 818 524 874 primis
556 815 904 872 experimentum
937 812 1130 856 constans
1162 811 1203 855 8<
1236 812 1384 856 facile.
1421 812 1470 855 In
1492 812 1794 868 cujuscumque
1827 817 1891 869 (x)
1919 829 2033 861 artus
2064 819 2301 871 arteriam,

170 891 240 922 aut
273 878 315 920 in
345 888 473 919 aorrae
507 881 705 918 truncum
740 869 934 915 hominis
969 869 1147 924 iunioris
1179 869 1374 923 injicitur
1403 882 1540 925 aqua,
1573 882 1644 913 aut
1689 872 1837 928 gluten
1882 874 2062 927 piscium
2112 875 2156 918 in
2205 877 2301 921 vini

171 935 324 992 spiritu
355 932 571 983 solutum,
605 929 646 973 &
681 928 826 974 vivida
857 927 977 972 cocci
1010 927 1238 971 Mexicani
1269 940 1456 982 purpura
1488 926 1699 972 rinetum.
1735 928 1838 972 Non
1870 930 1993 974 facile
2022 932 2162 987 fallit,
2185 934 2302 989 quin

176 1007 252 1049 per
281 1002 426 1035 cutem
458 989 533 1047 (y)
563 988 650 1032 fere
680 984 923 1031 universam
956 986 1049 1028 lata:
1081 984 1226 1028 veficae
1258 986 1336 1038 (z)
1367 984 1647 1039 oboriantur,
1681 985 1724 1028 in
1757 986 1910 1040 quibus
1944 987 2079 1044 ipsum
2115 990 2302 1036 tinetum‘

173 1054 269 1102 (a)
299 1049 445 1104 gluten
476 1045 564 1100 est,
598 1045 712 1101 quod
743 1043 932 1099 undique
962 1043 1014 1085 de
1045 1042 1339 1086 cute‘sudavit
1359 1075 1371 1095 ,
1404 1043 1446 1087 ἃ
1477 1044 1631 1098 procul
1675 1042 1806 1087 dubio
1837 1044 1909 1087 sibi
1943 1045 1988 1089 in
2027 1045 2303 1101 epidermide

173 1106 476 1163 respondentes
511 1118 640 1159 poros
673 1101 766 1156 (b)
798 1116 896 1146 cum
930 1115 952 1143 a
984 1111 1129 1144 morte
1160 1098 1390 1144 strifflores
1421 1099 1667 1155 inveniret,
1710 1100 1929 1156 repulsum
1962 1102 2035 1146 sub
2065 1103 2302 1150 cuticulam

173 1163 212 1208 se
243 1162 391 1207 effudit
412 1195 421 1204 .
457 1160 657 1218 Angusta:
689 1159 809 1203 enirn
843 1157 924 1202 viae
957 1157 1083 1210 sunt,
1113 1156 1155 1200 8<
1187 1158 1232 1200 in
1265 1157 1352 1214 ipsa
1382 1158 1586 1215 aethiopis
1618 1158 1882 1214 epidermide
1914 1174 2000 1204 non
2035 1161 2131 1216 pori
2159 1163 2304 1206 omni-

125 1232 129 1236 ·
172 1236 264 1276 no,
295 1220 361 1264 sed
394 1219 515 1263 unice
550 1216 764 1261 tenuiores
795 1220 879 1271 (c),
910 1214 953 1259 &
986 1229 1094 1271 pene
1127 1215 1347 1270 pellucidae
1379 1216 1576 1273 regiones
1625 1217 1856 1272 adparent.
1890 1218 1969 1260 Sed
2017 1219 2249 1275 epidermis
2281 1237 2306 1264 a.

175 1278 412 1334 liquoribus
445 1277 568 1321 facile
602 1285 849 1331 penetratur
879 1272 967 1327 (d).
1004 1273 1157 1327 Adeps
1188 1271 1286 1316 satis
1319 1285 1526 1330 prompte
1557 1288 1652 1318 eam
1687 1274 1803 1317 viam
1831 1273 2046 1330 sequitur:
2081 1276 2214 1321 etiam
2247 1278 2306 1321 se-

177 1337 277 1380 bum
309 1336 428 1387 (e),
459 1334 703 1390 frequenter
733 1331 910 1389 quidem
940 1331 1142 1384 decolor,
1173 1330 1404 1386 aliquando
1435 1342 1581 1376 tamen
1612 1341 1786 1376 retento
1829 1334 1976 1378 colore
2008 1332 2067 1390 (f
2080 1336 2121 1390 l,
2172 1348 2306 1391 quem

172 1391 444 1436 admiscueris
463 1423 474 1434 .

234 1450 366 1494 Hunc
398 1464 547 1493 verum
592 1455 606 1501 (
623 1449 683 1504 g)
713 1446 877 1494 sudoris
907 1449 1077 1493 fontem
1111 1447 1190 1492 effe
1223 1448 1501 1504 persuadeor,
1531 1449 1648 1506 quod
1679 1449 1725 1495 in
1756 1458 1857 1496 toto
1896 1464 2080 1507 corpore
2111 1450 2307 1498 humano

175 1507 320 1550 fistuiae
351 1506 562 1551 arteriosae
595 1506 702 1560 lint,
723 1519 816 1562 quae
849 1506 1065 1562 liquorem
1086 1505 1314 1559 exsudant,
1345 1507 1408 1552 uti
1428 1522 1504 1564 per
1536 1518 1682 1552 totum
1713 1523 1868 1566 corpus
1899 1507 2027 1553 sudor
2057 1509 2308 1567 exit:glan-

175 1565 281 1607 dul-a:
313 1578 419 1606 vero
451 1576 586 1607 certas
617 1565 667 1606 ad
697 1563 812 1607 sedes
843 1565 886 1608 8<
916 1563 1112 1620 regiones
1145 1565 1342 1620 corporis
1374 1564 1453 1609 sint
1475 1564 1836 1622 restrielaezquod
1868 1565 1993 1611 sudor
2025 1581 2112 1610 non
2132 1567 2181 1611 fit
2215 1583 2308 1624 per-

174 1634 325 1675 petuus
345 1653 357 1672 ‚
388 1620 431 1662 &
463 1620 506 1663 in
540 1620 980 1665 multismortalibus
1013 1622 1183 1676 qualem
1218 1620 1283 1672 (h)
1313 1637 1459 1666 coram
1491 1623 1622 1666 video
1653 1623 1862 1668 feminam
1882 1654 1910 1677 ‚v
1943 1624 2205 1679 rariffimus,
2238 1643 2308 1671 cu·

176 1678 356 1733 iusmodi
387 1677 431 1720 in
461 1677 676 1732 exemplis
707 1677 752 1720 in
786 1678 1046 1721 immensum
1079 1679 1240 1722 necesse
1269 1679 1372 1724 esset
1391 1681 1606 1736 glandulas
1637 1690 1942 1738 tumere‚quae
1974 1681 2135 1726 sudoris
2166 1683 2307 1728 officiss

170 1749 234 1778 nae
266 1733 345 1778 effe
376 1735 632 1788 creduntur,
666 1745 735 1778 tot
768 1734 977 1778 mensibus
1009 1749 1099 1778 non
1143 1735 1355 1780 inanitas:
1387 1739 1503 1793 quod
1536 1737 1661 1782 sudor
1690 1739 1874 1795 denique
1921 1739 2096 1784 fluidior
2125 1739 2175 1785 sit
2196 1773 2210 1794 ‚
2260 1743 2306 1788 ὃς

169 1791 350 1848 aquosus
383 1792 549 1849 magis,
580 1804 710 1847 quam
744 1791 784 1835 id
818 1806 948 1836 omne
979 1792 1178 1849 unguinis
1212 1807 1369 1849 genus,
1402 1808 1490 1850 quo
1521 1795 1630 1840 cutis
1663 1796 1898 1842 oblinitur.

231 1851 334 1893 Non
367 1863 560 1907 repugno
591 1851 726 1903 adeo,
757 1849 863 1905 quin
896 1850 1096 1893 materies
1135 1849 1325 1904 sudoris,
1373 1854 1544 1907 quando
1576 1855 1624 1896 ad
1659 1866 1846 1910 partem.
1875 1854 2066 1910 aliquam
2110 1857 2308 1912 corporis

173 1906 339 1951 uberius
373 1907 583 1961 confluit,
615 1906 748 1950 etiam
780 1907 826 1951 in
858 1908 1075 1963 glandulas
1093 1908 1185 1951 illas
1217 1910 1484 1964 deponatur,
1517 1910 1558 1953 8<
1595 1925 1672 1967 per
1701 1927 1848 1956 earum
1863 1912 2010 1957 duetus
2039 1915 2311 1961 excretorios

176 1966 381 2020 prodeat.
414 1964 582 2007 Deinde
614 1965 761 2008 oleum
792 1965 928 2019 illud,
960 1966 1074 2020 quod
1107 1966 1242 2009 modo
1274 1966 1462 2012 diximus
1495 1982 1571 2023 per
1597 1979 1759 2013 >cutem
1792 1968 2023 2023 exsudare,
2054 1984 2153 2014 cum
2202 1987 2311 2019 vero

178 2020 327 2065 sudore
359 2021 587 2075 confundi,
619 2036 802 2086 eumq-ue
821 2022 988 2078 tingere
1019 2023 1186 2078 potest,
1216 2023 1258 2066 ἃ
1291 2025 1437 2069 colore
1469 2024 1571 2079 suo,
1602 2027 1646 2071 ὅ(
1680 2026 1919 2080 visoedine,
1963 2026 2005 2070 ὃ(
2038 2029 2171 2072 odore
2202 2030 2311 2075 faeti-

180 2079 263 2133 do,
293 2092 423 2133 quern
455 2079 498 2122 in
533 2080 638 2133 alis,
669 2079 711 2122 ὅ(
743 2079 988 2136 inguinibus
1019 2080 1143 2127 facile
1173 2081 1423 2139 contrahit,
1455 2082 1524 2127 ubi
1555 2083 1652 2140 plus
1684 2083 1742 2128 est
1774 2085 1928 2131 harum
1976 2085 2273 2144 glandularum
2297 2122 2307 2134 .

293 2135 447 2178 Haller
476 2135 710 2194 Phyfiolog.
743 2139 859 2181 Tom.
894 2138 943 2183 V.
1640 2140 1680 2184 E
2218 2147 2317 2190 SE-

1983 2548 2033 2572 *ᾧ

166 2618 1118 2638 ῌ--ῴτ--ι--Ι-

1843 2630 2307 2651 —-·———-

163 2760 173 2767 ,
209 2715 265 2758 (1)
292 2721 367 2754 Pori
394 2723 480 2756 eutis
509 2722 604 2756 faciei
633 2724 728 2766 parvi
754 2736 762 2758 t
789 2732 861 2759 tum
887 2724 1002 2767 magni
1028 2724 1062 2758 in
1099 2723 1199 2766 nasu,
1305 2725 1368 2765 (b)
1395 2724 1614 2770 Inorganicos
1641 2729 1754 2763 Meket
1782 2730 1805 2764 Ι,
1825 2742 1852 2765 c.
1870 2742 1899 2776 p.
1920 2736 1972 2773 67.

162 2773 197 2794 1n
228 2760 319 2797 labro
344 2765 529 2810 superiori,
557 2769 670 2802 Albin.
697 2775 732 2804 L.
754 2774 813 2805 VI.
838 2781 862 2804 t.
884 2783 912 2812 3.
937 2771 1025 2809 f.i.;
1051 2770 1085 2803 in
1111 2771 1200 2804 auri·
1304 2772 1363 2811 (c)
1389 2770 1501 2806 Meket
1528 2774 1535 2806 l
1561 2785 1588 2807 c.
1607 2777 1719 2818 P·63.·'

164 2807 239 2840 cula
268 2806 388 2853 ubique
414 2814 508 2855 parvi
534 2815 554 2848 f.
588 2827 620 2851 2.
647 2815 761 2860 magni
789 2818 822 2850 in
850 2814 976 2850 concha
995 2839 1007 2858 ,
1031 2817 1062 2850 δε
1087 2815 1199 2851 versus
1291 2817 1365 2856 (d)
1395 2814 1487 2851 Idein
1513 2830 1546 2862 p.
1573 2823 1628 2852 ⁶8.
1658 2824 1695 2854 1n
1732 2821 1906 2857 arboribus
1945 2820 2161 2858 foraminulis
2194 2830 2298 2868 >patet

160 2851 314 2886 lobulum
341 2854 423 2888 ibid.
1257 2859 1303 2894 du
1331 2866 1450 2897 Hamei
1478 2863 1568 2906 phys
1599 2865 1656 2898 des
1682 2868 1772 2900 arbr.
1802 2880 1822 2900 ι.
1840 2879 1870 2911 p.
1892 2879 1920 2906 9.
1963 2900 1968 2904 ,
2086 2906 2096 2910 ‚.
2129 2905 2133 2908 ,
2189 2904 2191 2906 ,

204 2894 256 2938 (t)
283 2903 432 2934 Kaauvv
457 2915 490 2936 n.
519 2908 572 2944 85.
601 2908 656 2938 86.
685 2908 764 2941 Keil
788 2906 955 2950 abridgm.
970 2918 1003 2951 p.
1031 2917 1082 2942 11.
1303 2908 1363 2947 (e)
1391 2907 1521 2947 Rursch
1545 2912 1632 2954 apud
1659 2913 1850 2947 Boerbaave
1873 2913 1912 2946 de
1937 2911 2055 2946 fabric.
2080 2913 2193 2955 gland.
2213 2926 2245 2958 p.
2262 2920 2296 2950 6.

198 2942 272 3025 ἓῐΞ)
286 2946 464 3024 ξαηζξάε
491 2947 619 2984 humor.
648 2963 679 2994 p.
710 2955 788 2988 180.
1303 2953 1368 2993 (f)
1396 2953 1510 2988 Albin.
1535 2955 1623 2996 apud
1664 2960 1814 2992 Kaauvv
1849 2969 1879 2992 n.
1907 2961 1959 2990 66.
1986 2967 2041 3002 ap.
2080 2960 2193 3000 Ηίηζι
2218 2961 2240 2995 l.
2266 2972 2302 3002 ο,

221 2998 239 3019 u
317 3014 326 3023 .
351 3002 384 3029 4·
428 3019 433 3024 .
460 2999 494 3026 6.
677 3023 679 3025 ,
1256 3009 1289 3032 n.
1319 3002 1371 3033 18.

199 3033 262 3071 (X)
289 3038 326 3068 In
353 3035 437 3071 facie
465 3038 670 3082 Coscbvm't<
697 3042 738 3077 de
763 3044 851 3078 valv.
882 3050 1004 3078 ureter.
1032 3053 1065 3087 p.
1092 3053 1147 3077 22.
1303 3046 1363 3088 (g)
1390 3049 1468 3078 Non
1494 3056 1534 3078 ex
1561 3045 1728 3088 glandulis
1754 3051 1854 3086 Gunz
1879 3048 1967 3081 hum.
1997 3047 2067 3082 l.c.

196 3079 259 3118 (y)
285 3080 420 3126 Ubique
447 3087 598 3118 Kaaavv
622 3097 656 3120 n.
683 3099 738 3128 97.
1299 3089 1353 3131 (h)
1384 3094 1515 3129 Homo,
1541 3090 1598 3131 qui
1625 3093 1766 3131 omnino
1792 3104 1858 3126 non
1887 3093 2020 3127 sudabat
2039 3117 2050 3132 ‚
2074 3095 2104 3128 δι
2131 3105 2172 3128 ne
2201 3091 2293 3130 sexto

197 3122 256 3165 (Ζ)
282 3128 380 3161 Conf.
407 3129 519 3162 Mekel
545 3133 652 3166 Mem.
679 3133 720 3168 de
745 3133 769 3168 1'
786 3134 888 3170 Acad.
912 3133 953 3170 de
981 3133 1071 3169 Berl.
1096 3140 1122 3168 t.
1140 3144 1191 3177 13.
1251 3136 1389 3180 quidem
1417 3146 1474 3169 ant
1503 3135 1642 3180 septimo
1658 3144 1745 3170 anno
1761 3137 1923 3172 indufium
1938 3138 2089 3174 mutabat
2103 3140 2295 3174 Blancaard

151 3179 184 3214 p.
208 3173 259 3208 67·
1255 3182 1405 3223 Jaarreg.
1432 3183 1517 3215 Cent
1552 3191 1580 3214 r.
1608 3193 1641 3213 n.
1672 3193 1722 3220 ιφ.
1764 3187 1813 3216 Ex
1849 3183 1968 3218 morbo
2001 3192 2144 3219 cutaneo
2177 3187 2292 3222 nullus

197 3216 254 3257 (a)
279 3217 428 3253 Kaauvv
452 3230 482 3254 n.
511 3226 564 3263 96.
1111 3229 1116 3234 ⁴
1171 3241 1176 3246 ·
1254 3223 1353 3280 sudor
1381 3229 1495 3282 certio
1521 3226 1772 3282 discumque-p.
1803 3239 1832 3269 9.
