<?xml version="1.0" encoding="UTF-8"?>
<!DOCTYPE html PUBLIC "-//W3C//DTD XHTML 1.0 Transitional//EN"
    "http://www.w3.org/TR/xhtml1/DTD/xhtml1-transitional.dtd">
<html xmlns="http://www.w3.org/1999/xhtml" xml:lang="en" lang="en">
 <head>
  <title>
</title>
<meta http-equiv="Content-Type" content="text/html;charset=utf-8" />
  <meta name='ocr-system' content='tesseract 3.04.00' />
  <meta name='ocr-capabilities' content='ocr_page ocr_carea ocr_par ocr_line ocrx_word'/>
</head>
<body>
  <div class='ocr_page' id='page_1' title='image "./elementaphysiolo177605hall_0139.png"; bbox 0 0 2566 3641; ppageno 0'>
   <div class='ocr_carea' id='block_1_1' title="bbox 623 130 2257 315">
    <p class='ocr_par' dir='ltr' id='par_1_1' title="bbox 623 130 2257 315">
     <span class='ocr_line' id='line_1_1' title="bbox 623 130 2257 193; baseline -0.006 -6"><span class='ocrx_word' id='word_1_1' title='bbox 623 130 1761 187; x_wconf 56' lang='lat' dir='ltr'>&amp;EGRHLSENSUSIPSL</span> <span class='ocrx_word' id='word_1_2' title='bbox 2182 152 2257 193; x_wconf 49' lang='grc' dir='ltr'>ἴῃ</span> 
     </span>
     <span class='ocr_line' id='line_1_2' title="bbox 863 227 1498 315; baseline -0.008 -13"><span class='ocrx_word' id='word_1_3' title='bbox 863 260 900 315; x_wconf 84' lang='lat'>§.</span> <span class='ocrx_word' id='word_1_4' title='bbox 936 252 1044 301; x_wconf 81' lang='lat' dir='ltr'>VII.</span> <span class='ocrx_word' id='word_1_5' title='bbox 1075 227 1498 312; x_wconf 58' lang='lat' dir='ltr'>OlfhHus‘atilitas.</span> 
     </span>
    </p>
   </div>
   <div class='ocr_carea' id='block_1_2' title="bbox 106 363 2272 2569">
    <p class='ocr_par' dir='ltr' id='par_1_2' title="bbox 106 363 2265 669">
     <span class='ocr_line' id='line_1_3' title="bbox 165 363 2265 435; baseline -0.002 -13"><span class='ocrx_word' id='word_1_6' title='bbox 165 374 348 422; x_wconf 85' lang='lat' dir='ltr'>Utilitas</span> <span class='ocrx_word' id='word_1_7' title='bbox 377 372 558 426; x_wconf 65' lang='lat' dir='ltr'>olfacius</span> <span class='ocrx_word' id='word_1_8' title='bbox 589 387 677 421; x_wconf 87' lang='lat' dir='ltr'>non</span> <span class='ocrx_word' id='word_1_9' title='bbox 710 372 835 420; x_wconf 88' lang='lat' dir='ltr'>dubia</span> <span class='ocrx_word' id='word_1_10' title='bbox 865 373 1058 419; x_wconf 79' lang='lat' dir='ltr'>videtur.</span> <span class='ocrx_word' id='word_1_11' title='bbox 1093 370 1251 416; x_wconf 83' lang='lat' dir='ltr'><strong>Homo</strong></span> <span class='ocrx_word' id='word_1_12' title='bbox 1282 367 1458 426; x_wconf 84' lang='lat' dir='ltr'>quidem</span> <span class='ocrx_word' id='word_1_13' title='bbox 1490 367 1678 426; x_wconf 68' lang='lat' dir='ltr'>praedam</span> <span class='ocrx_word' id='word_1_14' title='bbox 1722 363 1840 431; x_wconf 76' lang='lat' dir='ltr'>suam</span> <span class='ocrx_word' id='word_1_15' title='bbox 1882 382 1970 435; x_wconf 84' lang='lat' dir='ltr'>non</span> <span class='ocrx_word' id='word_1_16' title='bbox 2013 367 2122 429; x_wconf 66' lang='lat' dir='ltr'>sagit</span> <span class='ocrx_word' id='word_1_17' title='bbox 2149 405 2163 427; x_wconf 92' lang='lat'>,</span> <span class='ocrx_word' id='word_1_18' title='bbox 2207 373 2265 418; x_wconf 79' lang='lat' dir='ltr'>de</span> 
     </span>
     <span class='ocr_line' id='line_1_4' title="bbox 107 427 2263 489; baseline -0.003 -7"><span class='ocrx_word' id='word_1_19' title='bbox 107 436 237 482; x_wconf 75' lang='lat' dir='ltr'>noxia</span> <span class='ocrx_word' id='word_1_20' title='bbox 266 444 487 488; x_wconf 89' lang='lat' dir='ltr'>ceterum,</span> <span class='ocrx_word' id='word_1_21' title='bbox 517 431 560 477; x_wconf 90' lang='lat'>&amp;</span> <span class='ocrx_word' id='word_1_22' title='bbox 590 434 643 478; x_wconf 86' lang='lat' dir='ltr'>de</span> <span class='ocrx_word' id='word_1_23' title='bbox 676 432 860 478; x_wconf 86' lang='lat' dir='ltr'>innocua</span> <span class='ocrx_word' id='word_1_24' title='bbox 891 432 1086 477; x_wconf 85' lang='lat' dir='ltr'>ciborum</span> <span class='ocrx_word' id='word_1_25' title='bbox 1121 427 1331 483; x_wconf 78' lang='lat' dir='ltr'>potestate</span> <span class='ocrx_word' id='word_1_26' title='bbox 1361 441 1415 471; x_wconf 82' lang='lat' dir='ltr'>ex</span> <span class='ocrx_word' id='word_1_27' title='bbox 1447 427 1823 489; x_wconf 37' lang='lat' dir='ltr'>odoratu-certior</span> <span class='ocrx_word' id='word_1_28' title='bbox 1854 429 2075 487; x_wconf 78' lang='lat' dir='ltr'>redditur-3</span> <span class='ocrx_word' id='word_1_29' title='bbox 2105 445 2263 488; x_wconf 83' lang='lat' dir='ltr'>magna</span> 
     </span>
     <span class='ocr_line' id='line_1_5' title="bbox 106 483 2263 550; baseline -0.002 -10"><span class='ocrx_word' id='word_1_30' title='bbox 106 507 264 540; x_wconf 77' lang='lat' dir='ltr'>natutae</span> <span class='ocrx_word' id='word_1_31' title='bbox 295 490 574 550; x_wconf 83' lang='lat' dir='ltr'>providentia</span> <span class='ocrx_word' id='word_1_32' title='bbox 595 524 609 546; x_wconf 91' lang='lat'>,</span> <span class='ocrx_word' id='word_1_33' title='bbox 638 505 738 537; x_wconf 88' lang='lat' dir='ltr'>cum</span> <span class='ocrx_word' id='word_1_34' title='bbox 777 489 913 549; x_wconf 80' lang='lat' dir='ltr'>gustus</span> <span class='ocrx_word' id='word_1_35' title='bbox 944 488 1074 534; x_wconf 87' lang='lat' dir='ltr'>serius</span> <span class='ocrx_word' id='word_1_36' title='bbox 1105 487 1148 531; x_wconf 76' lang='lat'>3&lt;</span> <span class='ocrx_word' id='word_1_37' title='bbox 1181 498 1283 550; x_wconf 76' lang='lat' dir='ltr'>tunc</span> <span class='ocrx_word' id='word_1_38' title='bbox 1314 486 1492 549; x_wconf 74' lang='lat' dir='ltr'>demum</span> <span class='ocrx_word' id='word_1_39' title='bbox 1526 484 1777 548; x_wconf 45' lang='lat' dir='ltr'>inimicam·</span> <span class='ocrx_word' id='word_1_40' title='bbox 1800 483 1885 529; x_wconf 84' lang='lat' dir='ltr'>cibi</span> <span class='ocrx_word' id='word_1_41' title='bbox 1931 498 2128 533; x_wconf 86' lang='lat' dir='ltr'>naturam</span> <span class='ocrx_word' id='word_1_42' title='bbox 2161 503 2263 546; x_wconf 85' lang='lat' dir='ltr'>pro-</span> 
     </span>
     <span class='ocr_line' id='line_1_6' title="bbox 106 541 2263 608; baseline -0.002 -11"><span class='ocrx_word' id='word_1_43' title='bbox 106 553 178 598; x_wconf 86' lang='lat' dir='ltr'>dat</span> <span class='ocrx_word' id='word_1_44' title='bbox 198 587 210 607; x_wconf 92' lang='lat'>,</span> <span class='ocrx_word' id='word_1_45' title='bbox 241 551 411 608; x_wconf 89' lang='lat' dir='ltr'>quando</span> <span class='ocrx_word' id='word_1_46' title='bbox 443 551 720 596; x_wconf 77' lang='lat' dir='ltr'>manducatus</span> <span class='ocrx_word' id='word_1_47' title='bbox 756 562 912 594; x_wconf 85' lang='lat' dir='ltr'>nocere</span> <span class='ocrx_word' id='word_1_48' title='bbox 943 546 1090 605; x_wconf 84' lang='lat' dir='ltr'>potuit</span> <span class='ocrx_word' id='word_1_49' title='bbox 1113 577 1125 590; x_wconf 94' lang='lat'><strong>.</strong></span> <span class='ocrx_word' id='word_1_50' title='bbox 1169 544 1259 589; x_wconf 79' lang='lat' dir='ltr'>Sibi</span> <span class='ocrx_word' id='word_1_51' title='bbox 1291 541 1541 588; x_wconf 81' lang='lat' dir='ltr'>cornmiffus</span> <span class='ocrx_word' id='word_1_52' title='bbox 1572 543 1711 587; x_wconf 89' lang='lat' dir='ltr'>homo</span> <span class='ocrx_word' id='word_1_53' title='bbox 1741 541 1861 588; x_wconf 80' lang='lat' dir='ltr'>cibos</span> <span class='ocrx_word' id='word_1_54' title='bbox 1907 542 2002 591; x_wconf 84' lang='lat' dir='ltr'>suos</span> <span class='ocrx_word' id='word_1_55' title='bbox 2035 547 2168 592; x_wconf 88' lang='lat' dir='ltr'>odore</span> <span class='ocrx_word' id='word_1_56' title='bbox 2199 547 2263 593; x_wconf 89' lang='lat' dir='ltr'>di·</span> 
     </span>
     <span class='ocr_line' id='line_1_7' title="bbox 107 607 2041 669; baseline -0.005 -12"><span class='ocrx_word' id='word_1_57' title='bbox 107 610 314 664; x_wconf 61' lang='lat' dir='ltr'>stinguit,</span> <span class='ocrx_word' id='word_1_58' title='bbox 343 620 391 655; x_wconf 91' lang='lat' dir='ltr'>ut</span> <span class='ocrx_word' id='word_1_59' title='bbox 423 607 559 653; x_wconf 85' lang='lat' dir='ltr'>solent</span> <span class='ocrx_word' id='word_1_60' title='bbox 592 607 792 652; x_wconf 87' lang='lat' dir='ltr'>animalia</span> <span class='ocrx_word' id='word_1_61' title='bbox 811 640 822 652; x_wconf 93' lang='lat'>.</span> <span class='ocrx_word' id='word_1_62' title='bbox 1432 657 1440 664; x_wconf 34' lang='grc' dir='ltr'>ι</span> <span class='ocrx_word' id='word_1_63' title='bbox 2031 659 2041 669; x_wconf 32' lang='lat'><strong>⁴</strong></span> 
     </span>
    </p>

    <p class='ocr_par' dir='ltr' id='par_1_3' title="bbox 110 656 2268 1302">
     <span class='ocr_line' id='line_1_8' title="bbox 169 656 2257 724; baseline -0.003 -12"><span class='ocrx_word' id='word_1_64' title='bbox 169 667 291 712; x_wconf 84' lang='lat' dir='ltr'>Mihi</span> <span class='ocrx_word' id='word_1_65' title='bbox 322 665 497 724; x_wconf 88' lang='lat' dir='ltr'>quidem</span> <span class='ocrx_word' id='word_1_66' title='bbox 531 663 589 709; x_wconf 86' lang='lat' dir='ltr'>est</span> <span class='ocrx_word' id='word_1_67' title='bbox 623 678 755 721; x_wconf 88' lang='lat' dir='ltr'>quam</span> <span class='ocrx_word' id='word_1_68' title='bbox 786 660 1136 718; x_wconf 69' lang='lat' dir='ltr'>persuasissimum</span> <span class='ocrx_word' id='word_1_69' title='bbox 1158 692 1171 712; x_wconf 87' lang='lat'>,</span> <span class='ocrx_word' id='word_1_70' title='bbox 1202 658 1379 721; x_wconf 43' lang='lat' dir='ltr'>nullum·</span> <span class='ocrx_word' id='word_1_71' title='bbox 1405 657 1552 722; x_wconf 66' lang='lat' dir='ltr'>cibum</span> <span class='ocrx_word' id='word_1_72' title='bbox 1583 656 1791 703; x_wconf 79' lang='lat' dir='ltr'>salubrem</span> <span class='ocrx_word' id='word_1_73' title='bbox 1825 657 1938 724; x_wconf 59' lang='lat' dir='ltr'>effe,</span> <span class='ocrx_word' id='word_1_74' title='bbox 1966 671 2044 718; x_wconf 82' lang='lat' dir='ltr'>qui</span> <span class='ocrx_word' id='word_1_75' title='bbox 2077 661 2220 708; x_wconf 84' lang='lat' dir='ltr'>saeteat</span> <span class='ocrx_word' id='word_1_76' title='bbox 2253 700 2257 705; x_wconf 82' lang='grc'>,.</span> 
     </span>
     <span class='ocr_line' id='line_1_9' title="bbox 110 714 2265 782; baseline -0.002 -10"><span class='ocrx_word' id='word_1_77' title='bbox 110 724 309 772; x_wconf 85' lang='lat' dir='ltr'>Admista</span> <span class='ocrx_word' id='word_1_78' title='bbox 338 725 522 781; x_wconf 79' lang='lat' dir='ltr'>putredo</span> <span class='ocrx_word' id='word_1_79' title='bbox 553 723 746 768; x_wconf 74' lang='lat' dir='ltr'>saetorern</span> <span class='ocrx_word' id='word_1_80' title='bbox 779 720 883 767; x_wconf 87' lang='lat' dir='ltr'>facit</span> <span class='ocrx_word' id='word_1_81' title='bbox 914 716 1058 773; x_wconf 84' lang='lat' dir='ltr'>casei,</span> <span class='ocrx_word' id='word_1_82' title='bbox 1091 716 1312 780; x_wconf 38' lang='lat' dir='ltr'>car-nium,</span> <span class='ocrx_word' id='word_1_83' title='bbox 1339 714 1609 779; x_wconf 79' lang='lat' dir='ltr'>pisciumque</span> <span class='ocrx_word' id='word_1_84' title='bbox 1642 731 1730 760; x_wconf 90' lang='lat' dir='ltr'>non</span> <span class='ocrx_word' id='word_1_85' title='bbox 1762 729 2028 782; x_wconf 77' lang='lat' dir='ltr'>recentium.</span> <span class='ocrx_word' id='word_1_86' title='bbox 2060 718 2171 765; x_wconf 87' lang='lat' dir='ltr'>Eam</span> <span class='ocrx_word' id='word_1_87' title='bbox 2187 735 2265 779; x_wconf 84' lang='lat' dir='ltr'>pu·</span> 
     </span>
     <span class='ocr_line' id='line_1_10' title="bbox 112 772 2263 838; baseline 0 -11"><span class='ocrx_word' id='word_1_88' title='bbox 112 785 326 829; x_wconf 83' lang='lat' dir='ltr'>tredinem</span> <span class='ocrx_word' id='word_1_89' title='bbox 358 781 574 825; x_wconf 75' lang='lat' dir='ltr'>necessitas</span> <span class='ocrx_word' id='word_1_90' title='bbox 605 779 865 836; x_wconf 72' lang='lat' dir='ltr'>aliquando,</span> <span class='ocrx_word' id='word_1_91' title='bbox 897 777 999 822; x_wconf 84' lang='lat' dir='ltr'>alias</span> <span class='ocrx_word' id='word_1_92' title='bbox 1034 776 1280 821; x_wconf 84' lang='lat' dir='ltr'>teneritudo</span> <span class='ocrx_word' id='word_1_93' title='bbox 1312 788 1449 818; x_wconf 82' lang='lat' dir='ltr'>carnis</span> <span class='ocrx_word' id='word_1_94' title='bbox 1483 772 1629 837; x_wconf 36' lang='lat' dir='ltr'>iii-sua</span> <span class='ocrx_word' id='word_1_95' title='bbox 1660 776 1749 838; x_wconf 77' lang='lat' dir='ltr'>jam</span> <span class='ocrx_word' id='word_1_96' title='bbox 1780 786 1992 838; x_wconf 80' lang='lat' dir='ltr'>elementa</span> <span class='ocrx_word' id='word_1_97' title='bbox 2034 777 2263 826; x_wconf 81' lang='lat' dir='ltr'>dilabentis</span> 
     </span>
     <span class='ocr_line' id='line_1_11' title="bbox 117 829 2264 893; baseline -0.001 -7"><span class='ocrx_word' id='word_1_98' title='bbox 117 840 291 886; x_wconf 64' lang='lat' dir='ltr'>excusa.</span> <span class='ocrx_word' id='word_1_99' title='bbox 324 843 530 885; x_wconf 87' lang='lat' dir='ltr'>Ceterum</span> <span class='ocrx_word' id='word_1_100' title='bbox 561 839 626 883; x_wconf 85' lang='lat' dir='ltr'>uti</span> <span class='ocrx_word' id='word_1_101' title='bbox 658 848 855 882; x_wconf 88' lang='lat' dir='ltr'>naturam</span> <span class='ocrx_word' id='word_1_102' title='bbox 885 835 1120 880; x_wconf 81' lang='lat' dir='ltr'>humanam</span> <span class='ocrx_word' id='word_1_103' title='bbox 1170 833 1354 890; x_wconf 84' lang='lat' dir='ltr'>putredo</span> <span class='ocrx_word' id='word_1_104' title='bbox 1396 829 1571 875; x_wconf 79' lang='lat' dir='ltr'>destruit</span> <span class='ocrx_word' id='word_1_105' title='bbox 1603 864 1616 886; x_wconf 91' lang='lat'>,</span> <span class='ocrx_word' id='word_1_106' title='bbox 1659 843 1719 875; x_wconf 79' lang='lat' dir='ltr'>ita</span> <span class='ocrx_word' id='word_1_107' title='bbox 1761 834 1881 877; x_wconf 83' lang='lat' dir='ltr'>cibos</span> <span class='ocrx_word' id='word_1_108' title='bbox 1926 835 2064 880; x_wconf 83' lang='lat' dir='ltr'>reddit</span> <span class='ocrx_word' id='word_1_109' title='bbox 2109 836 2218 883; x_wconf 83' lang='lat' dir='ltr'>febri</span> <span class='ocrx_word' id='word_1_110' title='bbox 2251 874 2264 893; x_wconf 77' lang='grc'>,</span> 
     </span>
     <span class='ocr_line' id='line_1_12' title="bbox 117 889 2268 952; baseline -0.001 -8"><span class='ocrx_word' id='word_1_111' title='bbox 117 899 318 944; x_wconf 87' lang='lat' dir='ltr'>scorbuto</span> <span class='ocrx_word' id='word_1_112' title='bbox 338 930 351 951; x_wconf 93' lang='lat'>,</span> <span class='ocrx_word' id='word_1_113' title='bbox 382 896 628 951; x_wconf 80' lang='lat' dir='ltr'>dysenteriae</span> <span class='ocrx_word' id='word_1_114' title='bbox 660 893 904 952; x_wconf 75' lang='lat' dir='ltr'>generandae</span> <span class='ocrx_word' id='word_1_115' title='bbox 936 891 1202 948; x_wconf 85' lang='lat' dir='ltr'>aptissimos.</span> <span class='ocrx_word' id='word_1_116' title='bbox 1239 890 1370 934; x_wconf 84' lang='lat' dir='ltr'>Paulo</span> <span class='ocrx_word' id='word_1_117' title='bbox 1403 889 1548 944; x_wconf 81' lang='lat' dir='ltr'>major</span> <span class='ocrx_word' id='word_1_118' title='bbox 1578 889 1763 946; x_wconf 82' lang='lat' dir='ltr'>putredo</span> <span class='ocrx_word' id='word_1_119' title='bbox 1795 904 1881 934; x_wconf 86' lang='lat' dir='ltr'>ova</span> <span class='ocrx_word' id='word_1_120' title='bbox 1914 891 2146 950; x_wconf 84' lang='lat' dir='ltr'>carnesque</span> <span class='ocrx_word' id='word_1_121' title='bbox 2173 897 2268 941; x_wconf 41' lang='lat' dir='ltr'>reda</span> 
     </span>
     <span class='ocr_line' id='line_1_13' title="bbox 112 945 2266 1012; baseline -0.006 -9"><span class='ocrx_word' id='word_1_122' title='bbox 112 959 180 1003; x_wconf 87' lang='lat' dir='ltr'>dit</span> <span class='ocrx_word' id='word_1_123' title='bbox 211 954 414 1001; x_wconf 83' lang='lat' dir='ltr'>emeticas</span> <span class='ocrx_word' id='word_1_124' title='bbox 434 987 444 998; x_wconf 91' lang='lat'><strong>.</strong></span> <span class='ocrx_word' id='word_1_125' title='bbox 480 951 708 998; x_wconf 86' lang='lat' dir='ltr'>Insalubris</span> <span class='ocrx_word' id='word_1_126' title='bbox 738 951 821 997; x_wconf 86' lang='lat' dir='ltr'>suit</span> <span class='ocrx_word' id='word_1_127' title='bbox 853 950 1025 996; x_wconf 80' lang='lat' dir='ltr'>homini</span> <span class='ocrx_word' id='word_1_128' title='bbox 1069 949 1209 994; x_wconf 84' lang='lat' dir='ltr'>caseus</span> <span class='ocrx_word' id='word_1_129' title='bbox 1229 982 1241 1002; x_wconf 89' lang='lat'>,</span> <span class='ocrx_word' id='word_1_130' title='bbox 1272 960 1402 1004; x_wconf 85' lang='lat' dir='ltr'>quem</span> <span class='ocrx_word' id='word_1_131' title='bbox 1451 945 1651 1012; x_wconf 78' lang='lat' dir='ltr'>nauseans</span> <span class='ocrx_word' id='word_1_132' title='bbox 1698 945 1904 1010; x_wconf 69' lang='lat' dir='ltr'>sumserat</span> <span class='ocrx_word' id='word_1_133' title='bbox 1936 954 2051 1005; x_wconf 74' lang='lat' dir='ltr'>(u),</span> <span class='ocrx_word' id='word_1_134' title='bbox 2079 951 2123 995; x_wconf 82' lang='grc'>8(</span> <span class='ocrx_word' id='word_1_135' title='bbox 2155 955 2266 1010; x_wconf 72' lang='lat' dir='ltr'>peri.</span> 
     </span>
     <span class='ocr_line' id='line_1_14' title="bbox 119 1003 2268 1068; baseline -0.002 -6"><span class='ocrx_word' id='word_1_136' title='bbox 119 1015 258 1062; x_wconf 85' lang='lat' dir='ltr'>culosa</span> <span class='ocrx_word' id='word_1_137' title='bbox 287 1013 385 1060; x_wconf 89' lang='lat' dir='ltr'>inde</span> <span class='ocrx_word' id='word_1_138' title='bbox 414 1010 542 1057; x_wconf 85' lang='lat' dir='ltr'>febris</span> <span class='ocrx_word' id='word_1_139' title='bbox 574 1007 792 1063; x_wconf 77' lang='lat' dir='ltr'>succeffit,</span> <span class='ocrx_word' id='word_1_140' title='bbox 824 1007 1004 1064; x_wconf 88' lang='lat' dir='ltr'>satisque</span> <span class='ocrx_word' id='word_1_141' title='bbox 1037 1007 1219 1053; x_wconf 87' lang='lat' dir='ltr'>memini</span> <span class='ocrx_word' id='word_1_142' title='bbox 1257 1041 1269 1061; x_wconf 95' lang='lat'>,</span> <span class='ocrx_word' id='word_1_143' title='bbox 1313 1018 1416 1050; x_wconf 89' lang='lat' dir='ltr'>cum</span> <span class='ocrx_word' id='word_1_144' title='bbox 1448 1006 1590 1062; x_wconf 82' lang='lat' dir='ltr'>juveni</span> <span class='ocrx_word' id='word_1_145' title='bbox 1613 1004 1824 1068; x_wconf 30' lang='lat' dir='ltr'>‘similiter</span> <span class='ocrx_word' id='word_1_146' title='bbox 1853 1003 2024 1052; x_wconf 78' lang='lat' dir='ltr'>caseum</span> <span class='ocrx_word' id='word_1_147' title='bbox 2052 1010 2268 1058; x_wconf 80' lang='lat' dir='ltr'>aversanti</span> 
     </span>
     <span class='ocr_line' id='line_1_15' title="bbox 118 1062 2268 1128; baseline -0.002 -9"><span class='ocrx_word' id='word_1_148' title='bbox 118 1070 275 1119; x_wconf 76' lang='lat' dir='ltr'>insulso</span> <span class='ocrx_word' id='word_1_149' title='bbox 303 1071 405 1127; x_wconf 86' lang='lat' dir='ltr'>joco</span> <span class='ocrx_word' id='word_1_150' title='bbox 433 1067 599 1113; x_wconf 84' lang='lat' dir='ltr'>caseum</span> <span class='ocrx_word' id='word_1_151' title='bbox 630 1067 804 1125; x_wconf 79' lang='lat' dir='ltr'>cognati</span> <span class='ocrx_word' id='word_1_152' title='bbox 837 1066 1141 1121; x_wconf 83' lang='lat' dir='ltr'>obtruderent,</span> <span class='ocrx_word' id='word_1_153' title='bbox 1173 1063 1434 1110; x_wconf 88' lang='lat' dir='ltr'>difficillime</span> <span class='ocrx_word' id='word_1_154' title='bbox 1458 1095 1471 1117; x_wconf 90' lang='lat'>,</span> <span class='ocrx_word' id='word_1_155' title='bbox 1505 1062 1755 1128; x_wconf 76' lang='lat' dir='ltr'>longfflimo</span> <span class='ocrx_word' id='word_1_156' title='bbox 1786 1073 1985 1120; x_wconf 84' lang='lat' dir='ltr'>tempore</span> <span class='ocrx_word' id='word_1_157' title='bbox 2017 1065 2112 1123; x_wconf 85' lang='lat' dir='ltr'>post</span> <span class='ocrx_word' id='word_1_158' title='bbox 2144 1070 2268 1124; x_wconf 72' lang='lat' dir='ltr'>nido-</span> 
     </span>
     <span class='ocr_line' id='line_1_16' title="bbox 118 1120 2267 1185; baseline -0.002 -13"><span class='ocrx_word' id='word_1_159' title='bbox 118 1129 258 1177; x_wconf 78' lang='lat' dir='ltr'>rosam</span> <span class='ocrx_word' id='word_1_160' title='bbox 290 1126 619 1183; x_wconf 77' lang='lat' dir='ltr'>corruptionem</span> <span class='ocrx_word' id='word_1_161' title='bbox 646 1126 827 1171; x_wconf 87' lang='lat' dir='ltr'>demum</span> <span class='ocrx_word' id='word_1_162' title='bbox 858 1139 958 1169; x_wconf 90' lang='lat' dir='ltr'>eum</span> <span class='ocrx_word' id='word_1_163' title='bbox 991 1124 1134 1169; x_wconf 87' lang='lat' dir='ltr'>cibum</span> <span class='ocrx_word' id='word_1_164' title='bbox 1185 1121 1390 1179; x_wconf 70' lang='lat' dir='ltr'>superasse</span> <span class='ocrx_word' id='word_1_165' title='bbox 1413 1154 1423 1165; x_wconf 89' lang='lat'><strong>.</strong></span> <span class='ocrx_word' id='word_1_166' title='bbox 1471 1120 1611 1185; x_wconf 78' lang='lat' dir='ltr'>Durio</span> <span class='ocrx_word' id='word_1_167' title='bbox 1653 1120 1820 1184; x_wconf 30' lang='lat' dir='ltr'>fruetus,</span> <span class='ocrx_word' id='word_1_168' title='bbox 1847 1154 1857 1176; x_wconf 92' lang='lat'>‚</span> <span class='ocrx_word' id='word_1_169' title='bbox 1903 1126 2021 1180; x_wconf 84' lang='lat' dir='ltr'>cujus</span> <span class='ocrx_word' id='word_1_170' title='bbox 2068 1124 2267 1181; x_wconf 81' lang='lat' dir='ltr'>saporem</span> 
     </span>
     <span class='ocr_line' id='line_1_17' title="bbox 116 1178 2268 1246; baseline -0.001 -13"><span class='ocrx_word' id='word_1_171' title='bbox 116 1191 232 1244; x_wconf 69' lang='lat' dir='ltr'>aiunt</span> <span class='ocrx_word' id='word_1_172' title='bbox 265 1194 433 1242; x_wconf 84' lang='lat' dir='ltr'>gratum</span> <span class='ocrx_word' id='word_1_173' title='bbox 467 1183 579 1238; x_wconf 77' lang='lat' dir='ltr'>esse,</span> <span class='ocrx_word' id='word_1_174' title='bbox 609 1183 805 1229; x_wconf 74' lang='lat' dir='ltr'>faetorem</span> <span class='ocrx_word' id='word_1_175' title='bbox 838 1182 1098 1246; x_wconf 75' lang='lat' dir='ltr'>ingratum,</span> <span class='ocrx_word' id='word_1_176' title='bbox 1140 1179 1377 1239; x_wconf 83' lang='lat' dir='ltr'>periculose</span> <span class='ocrx_word' id='word_1_177' title='bbox 1420 1178 1561 1225; x_wconf 84' lang='lat' dir='ltr'>editur</span> <span class='ocrx_word' id='word_1_178' title='bbox 1586 1212 1596 1223; x_wconf 90' lang='lat'><strong><em>.</em></strong></span> <span class='ocrx_word' id='word_1_179' title='bbox 1642 1178 1724 1223; x_wconf 87' lang='lat' dir='ltr'>Uti</span> <span class='ocrx_word' id='word_1_180' title='bbox 1751 1192 1873 1225; x_wconf 81' lang='lat' dir='ltr'>enim</span> <span class='ocrx_word' id='word_1_181' title='bbox 1905 1181 2130 1237; x_wconf 80' lang='lat' dir='ltr'>putridum</span> <span class='ocrx_word' id='word_1_182' title='bbox 2163 1185 2268 1241; x_wconf 82' lang='lat' dir='ltr'>quid</span> 
     </span>
     <span class='ocr_line' id='line_1_18' title="bbox 119 1240 1986 1302; baseline -0.008 -10"><span class='ocrx_word' id='word_1_183' title='bbox 119 1247 237 1299; x_wconf 86' lang='lat' dir='ltr'>olet,</span> <span class='ocrx_word' id='word_1_184' title='bbox 269 1245 329 1289; x_wconf 89' lang='lat' dir='ltr'>ita</span> <span class='ocrx_word' id='word_1_185' title='bbox 359 1241 619 1297; x_wconf 73' lang='lat' dir='ltr'>dysentericis</span> <span class='ocrx_word' id='word_1_186' title='bbox 650 1241 693 1284; x_wconf 88' lang='lat'>&amp;</span> <span class='ocrx_word' id='word_1_187' title='bbox 725 1240 809 1285; x_wconf 90' lang='lat' dir='ltr'>alia</span> <span class='ocrx_word' id='word_1_188' title='bbox 839 1241 952 1286; x_wconf 87' lang='lat' dir='ltr'>mala</span> <span class='ocrx_word' id='word_1_189' title='bbox 984 1240 1086 1285; x_wconf 82' lang='lat' dir='ltr'>facit</span> <span class='ocrx_word' id='word_1_190' title='bbox 1114 1245 1178 1296; x_wconf 77' lang='grc' dir='ltr'>(ει</span> <span class='ocrx_word' id='word_1_191' title='bbox 1198 1242 1277 1290; x_wconf 83' lang='lat'>*).</span> <span class='ocrx_word' id='word_1_192' title='bbox 1429 1277 1459 1302; x_wconf 90' lang='lat'>·.</span> <span class='ocrx_word' id='word_1_193' title='bbox 1616 1293 1627 1302; x_wconf 33' lang='lat'><strong>⁹</strong></span> <span class='ocrx_word' id='word_1_194' title='bbox 1984 1279 1986 1281; x_wconf 74' lang='grc'><strong>,</strong></span> 
     </span>
    </p>

    <p class='ocr_par' dir='ltr' id='par_1_4' title="bbox 117 1295 2272 1702">
     <span class='ocr_line' id='line_1_19' title="bbox 177 1295 2271 1360; baseline 0 -13"><span class='ocrx_word' id='word_1_195' title='bbox 177 1304 346 1347; x_wconf 84' lang='lat' dir='ltr'>Contra</span> <span class='ocrx_word' id='word_1_196' title='bbox 374 1314 464 1345; x_wconf 89' lang='lat' dir='ltr'>non</span> <span class='ocrx_word' id='word_1_197' title='bbox 494 1299 621 1345; x_wconf 88' lang='lat' dir='ltr'>facile</span> <span class='ocrx_word' id='word_1_198' title='bbox 651 1297 908 1343; x_wconf 84' lang='lat' dir='ltr'>insalubrem</span> <span class='ocrx_word' id='word_1_199' title='bbox 937 1299 1113 1343; x_wconf 81' lang='lat' dir='ltr'>credam</span> <span class='ocrx_word' id='word_1_200' title='bbox 1144 1297 1290 1342; x_wconf 84' lang='lat' dir='ltr'>cibum</span> <span class='ocrx_word' id='word_1_201' title='bbox 1320 1295 1530 1354; x_wconf 83' lang='lat' dir='ltr'>reperiri,</span> <span class='ocrx_word' id='word_1_202' title='bbox 1560 1309 1630 1342; x_wconf 80' lang='lat' dir='ltr'>cui</span> <span class='ocrx_word' id='word_1_203' title='bbox 1662 1304 1806 1360; x_wconf 80' lang='lat' dir='ltr'>gratus</span> <span class='ocrx_word' id='word_1_204' title='bbox 1837 1295 1947 1342; x_wconf 90' lang='lat' dir='ltr'>odor</span> <span class='ocrx_word' id='word_1_205' title='bbox 1977 1295 2028 1342; x_wconf 74' lang='lat' dir='ltr'>sit</span> <span class='ocrx_word' id='word_1_206' title='bbox 2048 1331 2058 1342; x_wconf 96' lang='lat'><strong><em>.</em></strong></span> <span class='ocrx_word' id='word_1_207' title='bbox 2090 1299 2271 1347; x_wconf 79' lang='lat' dir='ltr'>Venena</span> 
     </span>
     <span class='ocr_line' id='line_1_20' title="bbox 118 1353 2272 1419; baseline -0.002 -13"><span class='ocrx_word' id='word_1_208' title='bbox 118 1361 291 1418; x_wconf 84' lang='lat' dir='ltr'>quidem</span> <span class='ocrx_word' id='word_1_209' title='bbox 323 1357 546 1404; x_wconf 78' lang='lat' dir='ltr'>minei-alia</span> <span class='ocrx_word' id='word_1_210' title='bbox 575 1355 769 1411; x_wconf 86' lang='lat' dir='ltr'>omitto,</span> <span class='ocrx_word' id='word_1_211' title='bbox 799 1370 891 1413; x_wconf 80' lang='lat' dir='ltr'>quae</span> <span class='ocrx_word' id='word_1_212' title='bbox 925 1358 991 1400; x_wconf 79' lang='lat' dir='ltr'>vel</span> <span class='ocrx_word' id='word_1_213' title='bbox 1023 1368 1194 1401; x_wconf 83' lang='lat' dir='ltr'>careant</span> <span class='ocrx_word' id='word_1_214' title='bbox 1225 1356 1358 1401; x_wconf 85' lang='lat' dir='ltr'>odore</span> <span class='ocrx_word' id='word_1_215' title='bbox 1387 1354 1587 1410; x_wconf 75' lang='lat' dir='ltr'>(x),ve1</span> <span class='ocrx_word' id='word_1_216' title='bbox 1619 1363 1753 1418; x_wconf 77' lang='lat' dir='ltr'>etiam</span> <span class='ocrx_word' id='word_1_217' title='bbox 1778 1353 1974 1418; x_wconf 73' lang='lat' dir='ltr'>placeant</span> <span class='ocrx_word' id='word_1_218' title='bbox 1999 1356 2113 1419; x_wconf 48' lang='lat' dir='ltr'>gy).</span> <span class='ocrx_word' id='word_1_219' title='bbox 2148 1360 2272 1406; x_wconf 82' lang='lat' dir='ltr'>Nam</span> 
     </span>
     <span class='ocr_line' id='line_1_21' title="bbox 117 1411 2269 1474; baseline -0 -11"><span class='ocrx_word' id='word_1_220' title='bbox 117 1421 168 1463; x_wconf 82' lang='lat' dir='ltr'>ad</span> <span class='ocrx_word' id='word_1_221' title='bbox 201 1419 240 1463; x_wconf 93' lang='lat' dir='ltr'>id</span> <span class='ocrx_word' id='word_1_222' title='bbox 274 1430 541 1461; x_wconf 86' lang='lat' dir='ltr'>venenorum</span> <span class='ocrx_word' id='word_1_223' title='bbox 572 1429 730 1474; x_wconf 73' lang='lat' dir='ltr'>genuS,</span> <span class='ocrx_word' id='word_1_224' title='bbox 761 1429 784 1458; x_wconf 92' lang='lat' dir='ltr'>a</span> <span class='ocrx_word' id='word_1_225' title='bbox 813 1412 854 1458; x_wconf 89' lang='lat' dir='ltr'>se</span> <span class='ocrx_word' id='word_1_226' title='bbox 886 1429 974 1459; x_wconf 91' lang='lat' dir='ltr'>non</span> <span class='ocrx_word' id='word_1_227' title='bbox 1004 1416 1179 1469; x_wconf 89' lang='lat' dir='ltr'>datum,</span> <span class='ocrx_word' id='word_1_228' title='bbox 1212 1425 1364 1458; x_wconf 89' lang='lat' dir='ltr'>natura</span> <span class='ocrx_word' id='word_1_229' title='bbox 1393 1427 1474 1457; x_wconf 86' lang='lat' dir='ltr'>nos</span> <span class='ocrx_word' id='word_1_230' title='bbox 1507 1426 1597 1457; x_wconf 91' lang='lat' dir='ltr'>non</span> <span class='ocrx_word' id='word_1_231' title='bbox 1628 1411 1825 1458; x_wconf 78' lang='lat' dir='ltr'>instruxit</span> <span class='ocrx_word' id='word_1_232' title='bbox 1849 1447 1861 1459; x_wconf 91' lang='lat'><strong><em>.</em></strong></span> <span class='ocrx_word' id='word_1_233' title='bbox 1894 1412 2096 1471; x_wconf 85' lang='lat' dir='ltr'>Demque</span> <span class='ocrx_word' id='word_1_234' title='bbox 2127 1416 2269 1473; x_wconf 82' lang='lat' dir='ltr'>gustus</span> 
     </span>
     <span class='ocr_line' id='line_1_22' title="bbox 119 1468 2268 1530; baseline -0.001 -8"><span class='ocrx_word' id='word_1_235' title='bbox 119 1475 294 1522; x_wconf 62' lang='lat' dir='ltr'>olfactui</span> <span class='ocrx_word' id='word_1_236' title='bbox 327 1473 551 1528; x_wconf 86' lang='lat' dir='ltr'>subvenit,</span> <span class='ocrx_word' id='word_1_237' title='bbox 582 1473 610 1518; x_wconf 82' lang='lat' dir='ltr'>fi</span> <span class='ocrx_word' id='word_1_238' title='bbox 641 1473 812 1529; x_wconf 87' lang='lat' dir='ltr'>quando</span> <span class='ocrx_word' id='word_1_239' title='bbox 842 1471 989 1518; x_wconf 85' lang='lat' dir='ltr'>deficit</span> <span class='ocrx_word' id='word_1_240' title='bbox 1021 1475 1107 1528; x_wconf 83' lang='lat' dir='ltr'>ejus</span> <span class='ocrx_word' id='word_1_241' title='bbox 1141 1471 1328 1518; x_wconf 80' lang='lat' dir='ltr'>custodia</span> <span class='ocrx_word' id='word_1_242' title='bbox 1347 1505 1358 1515; x_wconf 93' lang='lat'>.</span> <span class='ocrx_word' id='word_1_243' title='bbox 1389 1468 1632 1515; x_wconf 86' lang='lat' dir='ltr'>Mezereon</span> <span class='ocrx_word' id='word_1_244' title='bbox 1674 1470 1828 1516; x_wconf 85' lang='lat' dir='ltr'>florem</span> <span class='ocrx_word' id='word_1_245' title='bbox 1861 1471 1987 1515; x_wconf 87' lang='lat' dir='ltr'>habet</span> <span class='ocrx_word' id='word_1_246' title='bbox 2019 1474 2131 1530; x_wconf 84' lang='lat' dir='ltr'>grati</span> <span class='ocrx_word' id='word_1_247' title='bbox 2163 1476 2268 1520; x_wconf 90' lang='lat' dir='ltr'>odo-</span> 
     </span>
     <span class='ocr_line' id='line_1_23' title="bbox 118 1528 2268 1587; baseline -0.002 -8"><span class='ocrx_word' id='word_1_248' title='bbox 118 1534 177 1579; x_wconf 81' lang='lat' dir='ltr'>ris</span> <span class='ocrx_word' id='word_1_249' title='bbox 197 1566 210 1587; x_wconf 93' lang='lat'>,</span> <span class='ocrx_word' id='word_1_250' title='bbox 242 1532 308 1576; x_wconf 89' lang='lat' dir='ltr'>sed</span> <span class='ocrx_word' id='word_1_251' title='bbox 341 1530 581 1577; x_wconf 79' lang='lat' dir='ltr'>acrimonia</span> <span class='ocrx_word' id='word_1_252' title='bbox 612 1529 768 1576; x_wconf 62' lang='lat' dir='ltr'>frufiius</span> <span class='ocrx_word' id='word_1_253' title='bbox 800 1545 961 1576; x_wconf 80' lang='lat' dir='ltr'>noxam</span> <span class='ocrx_word' id='word_1_254' title='bbox 992 1531 1177 1576; x_wconf 81' lang='lat' dir='ltr'>avertit.</span> <span class='ocrx_word' id='word_1_255' title='bbox 1213 1532 1279 1575; x_wconf 89' lang='lat' dir='ltr'>De</span> <span class='ocrx_word' id='word_1_256' title='bbox 1311 1528 1579 1574; x_wconf 71' lang='lat' dir='ltr'>Manceni&#39;lla</span> <span class='ocrx_word' id='word_1_257' title='bbox 1604 1529 1707 1586; x_wconf 64' lang='lat' dir='ltr'>(z)</span> <span class='ocrx_word' id='word_1_258' title='bbox 1739 1528 1866 1587; x_wconf 81' lang='lat' dir='ltr'>lego,</span> <span class='ocrx_word' id='word_1_259' title='bbox 1899 1531 2096 1575; x_wconf 86' lang='lat' dir='ltr'>colorem</span> <span class='ocrx_word' id='word_1_260' title='bbox 2118 1565 2130 1586; x_wconf 89' lang='lat'>,</span> <span class='ocrx_word' id='word_1_261' title='bbox 2163 1535 2268 1578; x_wconf 78' lang='lat' dir='ltr'>odo-</span> 
     </span>
     <span class='ocr_line' id='line_1_24' title="bbox 121 1586 2270 1646; baseline 0.001 -12"><span class='ocrx_word' id='word_1_262' title='bbox 121 1604 216 1637; x_wconf 85' lang='lat' dir='ltr'>rem</span> <span class='ocrx_word' id='word_1_263' title='bbox 236 1623 249 1643; x_wconf 90' lang='lat'>,</span> <span class='ocrx_word' id='word_1_264' title='bbox 280 1588 474 1646; x_wconf 87' lang='lat' dir='ltr'>saporem</span> <span class='ocrx_word' id='word_1_265' title='bbox 508 1599 678 1645; x_wconf 86' lang='lat' dir='ltr'>gratum</span> <span class='ocrx_word' id='word_1_266' title='bbox 711 1587 818 1643; x_wconf 65' lang='lat' dir='ltr'>esse,</span> <span class='ocrx_word' id='word_1_267' title='bbox 850 1588 917 1633; x_wconf 89' lang='lat' dir='ltr'>sed</span> <span class='ocrx_word' id='word_1_268' title='bbox 945 1589 1001 1634; x_wconf 82' lang='lat' dir='ltr'>de</span> <span class='ocrx_word' id='word_1_269' title='bbox 1034 1604 1086 1634; x_wconf 87' lang='lat' dir='ltr'>eo</span> <span class='ocrx_word' id='word_1_270' title='bbox 1118 1588 1297 1646; x_wconf 86' lang='lat' dir='ltr'>quidem</span> <span class='ocrx_word' id='word_1_271' title='bbox 1329 1601 1468 1643; x_wconf 88' lang='lat' dir='ltr'>pomo</span> <span class='ocrx_word' id='word_1_272' title='bbox 1500 1586 1683 1641; x_wconf 76' lang='lat' dir='ltr'>dubito,</span> <span class='ocrx_word' id='word_1_273' title='bbox 1714 1600 1814 1631; x_wconf 85' lang='lat' dir='ltr'>cum</span> <span class='ocrx_word' id='word_1_274' title='bbox 1846 1601 2027 1632; x_wconf 79' lang='lat' dir='ltr'>exurens</span> <span class='ocrx_word' id='word_1_275' title='bbox 2060 1588 2132 1633; x_wconf 87' lang='lat' dir='ltr'>illa</span> <span class='ocrx_word' id='word_1_276' title='bbox 2163 1591 2270 1637; x_wconf 81' lang='lat' dir='ltr'>acri-</span> 
     </span>
     <span class='ocr_line' id='line_1_25' title="bbox 119 1644 2062 1702; baseline -0.003 -7"><span class='ocrx_word' id='word_1_277' title='bbox 119 1648 268 1695; x_wconf 84' lang='lat' dir='ltr'>monia</span> <span class='ocrx_word' id='word_1_278' title='bbox 287 1680 300 1701; x_wconf 91' lang='lat'>,</span> <span class='ocrx_word' id='word_1_279' title='bbox 334 1661 380 1692; x_wconf 91' lang='lat' dir='ltr'>os</span> <span class='ocrx_word' id='word_1_280' title='bbox 410 1647 452 1690; x_wconf 71' lang='lat'>8&lt;</span> <span class='ocrx_word' id='word_1_281' title='bbox 486 1645 596 1689; x_wconf 73' lang='lat' dir='ltr'>labia</span> <span class='ocrx_word' id='word_1_282' title='bbox 625 1645 836 1691; x_wconf 86' lang='lat' dir='ltr'>ulceribus</span> <span class='ocrx_word' id='word_1_283' title='bbox 867 1645 1122 1701; x_wconf 84' lang='lat' dir='ltr'>depascens,</span> <span class='ocrx_word' id='word_1_284' title='bbox 1153 1661 1245 1691; x_wconf 81' lang='lat' dir='ltr'>non</span> <span class='ocrx_word' id='word_1_285' title='bbox 1276 1644 1473 1690; x_wconf 87' lang='lat' dir='ltr'>videatur</span> <span class='ocrx_word' id='word_1_286' title='bbox 1503 1644 1670 1702; x_wconf 83' lang='lat' dir='ltr'>gustum</span> <span class='ocrx_word' id='word_1_287' title='bbox 1701 1644 1887 1700; x_wconf 80' lang='lat' dir='ltr'>effugere</span> <span class='ocrx_word' id='word_1_288' title='bbox 1922 1645 2062 1701; x_wconf 71' lang='lat' dir='ltr'>posse.</span> 
     </span>
    </p>

    <p class='ocr_par' dir='ltr' id='par_1_5' title="bbox 115 1701 2272 1933">
     <span class='ocr_line' id='line_1_26' title="bbox 177 1701 2267 1761; baseline 0.002 -15"><span class='ocrx_word' id='word_1_289' title='bbox 177 1708 338 1748; x_wconf 80' lang='lat' dir='ltr'>Carnes</span> <span class='ocrx_word' id='word_1_290' title='bbox 369 1715 484 1748; x_wconf 86' lang='lat' dir='ltr'>certe</span> <span class='ocrx_word' id='word_1_291' title='bbox 515 1714 738 1755; x_wconf 74' lang='lat' dir='ltr'>recentes,</span> <span class='ocrx_word' id='word_1_292' title='bbox 769 1703 810 1746; x_wconf 88' lang='lat'>&amp;</span> <span class='ocrx_word' id='word_1_293' title='bbox 843 1703 1001 1748; x_wconf 67' lang='lat' dir='ltr'>fruetus</span> <span class='ocrx_word' id='word_1_294' title='bbox 1033 1704 1179 1748; x_wconf 89' lang='lat' dir='ltr'>horaei</span> <span class='ocrx_word' id='word_1_295' title='bbox 1213 1718 1302 1748; x_wconf 86' lang='lat' dir='ltr'>non</span> <span class='ocrx_word' id='word_1_296' title='bbox 1345 1701 1572 1748; x_wconf 85' lang='lat' dir='ltr'>insalubres</span> <span class='ocrx_word' id='word_1_297' title='bbox 1609 1735 1622 1757; x_wconf 94' lang='lat'>,</span> <span class='ocrx_word' id='word_1_298' title='bbox 1669 1701 1713 1745; x_wconf 81' lang='lat'>8&lt;</span> <span class='ocrx_word' id='word_1_299' title='bbox 1745 1702 1956 1759; x_wconf 81' lang='lat' dir='ltr'>quidquid</span> <span class='ocrx_word' id='word_1_300' title='bbox 2001 1703 2058 1748; x_wconf 88' lang='lat' dir='ltr'>est</span> <span class='ocrx_word' id='word_1_301' title='bbox 2088 1704 2267 1761; x_wconf 77' lang='lat' dir='ltr'>dapium</span> 
     </span>
     <span class='ocr_line' id='line_1_27' title="bbox 119 1759 2272 1819; baseline 0 -11"><span class='ocrx_word' id='word_1_302' title='bbox 119 1762 244 1808; x_wconf 84' lang='lat' dir='ltr'>nobis</span> <span class='ocrx_word' id='word_1_303' title='bbox 277 1777 300 1806; x_wconf 86' lang='lat' dir='ltr'>a</span> <span class='ocrx_word' id='word_1_304' title='bbox 331 1773 483 1805; x_wconf 89' lang='lat' dir='ltr'>natura</span> <span class='ocrx_word' id='word_1_305' title='bbox 514 1771 760 1817; x_wconf 80' lang='lat' dir='ltr'>paratarum</span> <span class='ocrx_word' id='word_1_306' title='bbox 786 1793 801 1815; x_wconf 92' lang='lat'>,</span> <span class='ocrx_word' id='word_1_307' title='bbox 847 1762 986 1816; x_wconf 86' lang='lat' dir='ltr'>placet</span> <span class='ocrx_word' id='word_1_308' title='bbox 1018 1760 1193 1805; x_wconf 64' lang='lat' dir='ltr'>olfactui</span> <span class='ocrx_word' id='word_1_309' title='bbox 1225 1794 1238 1814; x_wconf 91' lang='lat'>,</span> <span class='ocrx_word' id='word_1_310' title='bbox 1284 1760 1325 1803; x_wconf 74' lang='grc' dir='ltr'>ὃ(</span> <span class='ocrx_word' id='word_1_311' title='bbox 1358 1761 1518 1805; x_wconf 83' lang='lat' dir='ltr'>famem</span> <span class='ocrx_word' id='word_1_312' title='bbox 1554 1759 1744 1813; x_wconf 87' lang='lat' dir='ltr'>invitat,</span> <span class='ocrx_word' id='word_1_313' title='bbox 1775 1760 1817 1803; x_wconf 86' lang='lat'>&amp;</span> <span class='ocrx_word' id='word_1_314' title='bbox 1851 1761 2025 1806; x_wconf 83' lang='lat' dir='ltr'>videtur</span> <span class='ocrx_word' id='word_1_315' title='bbox 2053 1776 2101 1806; x_wconf 87' lang='lat' dir='ltr'>ea</span> <span class='ocrx_word' id='word_1_316' title='bbox 2133 1764 2272 1819; x_wconf 78' lang='lat' dir='ltr'>gratia</span> 
     </span>
     <span class='ocr_line' id='line_1_28' title="bbox 115 1817 2270 1880; baseline 0.001 -17"><span class='ocrx_word' id='word_1_317' title='bbox 115 1821 304 1878; x_wconf 79' lang='lat' dir='ltr'>pariter,</span> <span class='ocrx_word' id='word_1_318' title='bbox 336 1833 382 1865; x_wconf 84' lang='lat' dir='ltr'>ut</span> <span class='ocrx_word' id='word_1_319' title='bbox 415 1818 578 1874; x_wconf 82' lang='lat' dir='ltr'>saporis</span> <span class='ocrx_word' id='word_1_320' title='bbox 606 1817 966 1863; x_wconf 66' lang='lat' dir='ltr'>deleflamentum</span> <span class='ocrx_word' id='word_1_321' title='bbox 1001 1819 1092 1872; x_wconf 84' lang='lat' dir='ltr'>(a)</span> <span class='ocrx_word' id='word_1_322' title='bbox 1123 1819 1351 1863; x_wconf 87' lang='lat' dir='ltr'>hominem</span> <span class='ocrx_word' id='word_1_323' title='bbox 1382 1820 1432 1864; x_wconf 81' lang='lat' dir='ltr'>ad</span> <span class='ocrx_word' id='word_1_324' title='bbox 1477 1819 1621 1863; x_wconf 82' lang='lat' dir='ltr'>cibum</span> <span class='ocrx_word' id='word_1_325' title='bbox 1668 1817 1921 1864; x_wconf 77' lang='lat' dir='ltr'>sumendum</span> <span class='ocrx_word' id='word_1_326' title='bbox 1972 1818 2218 1876; x_wconf 77' lang='lat' dir='ltr'>persuadere</span> <span class='ocrx_word' id='word_1_327' title='bbox 2252 1834 2270 1880; x_wconf 71' lang='grc' dir='ltr'>ς</span> 
     </span>
     <span class='ocr_line' id='line_1_29' title="bbox 115 1874 1972 1933; baseline -0.002 -10"><span class='ocrx_word' id='word_1_328' title='bbox 115 1878 177 1924; x_wconf 84' lang='lat' dir='ltr'>uti</span> <span class='ocrx_word' id='word_1_329' title='bbox 210 1878 345 1922; x_wconf 66' lang='lat' dir='ltr'>fames</span> <span class='ocrx_word' id='word_1_330' title='bbox 377 1875 543 1921; x_wconf 84' lang='lat' dir='ltr'>sumere</span> <span class='ocrx_word' id='word_1_331' title='bbox 575 1875 726 1932; x_wconf 80' lang='lat' dir='ltr'>cogit.</span> <span class='ocrx_word' id='word_1_332' title='bbox 759 1876 1074 1921; x_wconf 85' lang='lat' dir='ltr'>CREATOR</span> <span class='ocrx_word' id='word_1_333' title='bbox 1106 1877 1225 1921; x_wconf 88' lang='lat' dir='ltr'>enim</span> <span class='ocrx_word' id='word_1_334' title='bbox 1258 1877 1398 1933; x_wconf 82' lang='lat' dir='ltr'>poeuis</span> <span class='ocrx_word' id='word_1_335' title='bbox 1430 1891 1512 1922; x_wconf 67' lang='lat' dir='ltr'>nos*</span> <span class='ocrx_word' id='word_1_336' title='bbox 1540 1875 1650 1933; x_wconf 78' lang='lat' dir='ltr'>regit</span> <span class='ocrx_word' id='word_1_337' title='bbox 1682 1874 1725 1918; x_wconf 76' lang='lat'>8&lt;</span> <span class='ocrx_word' id='word_1_338' title='bbox 1756 1876 1972 1931; x_wconf 81' lang='lat' dir='ltr'>praemiis.</span> 
     </span>
    </p>

    <p class='ocr_par' dir='ltr' id='par_1_6' title="bbox 114 1932 2270 2162">
     <span class='ocr_line' id='line_1_30' title="bbox 171 1932 2270 1991; baseline 0.001 -13"><span class='ocrx_word' id='word_1_339' title='bbox 171 1935 329 1980; x_wconf 85' lang='lat' dir='ltr'>Vicina</span> <span class='ocrx_word' id='word_1_340' title='bbox 369 1933 506 1991; x_wconf 77' lang='lat' dir='ltr'>prlori</span> <span class='ocrx_word' id='word_1_341' title='bbox 551 1933 734 1980; x_wconf 57' lang='lat' dir='ltr'>utititati</span> <span class='ocrx_word' id='word_1_342' title='bbox 772 1933 833 1978; x_wconf 83' lang='lat' dir='ltr'>est</span> <span class='ocrx_word' id='word_1_343' title='bbox 876 1934 1009 1978; x_wconf 79' lang='lat' dir='ltr'>altera</span> <span class='ocrx_word' id='word_1_344' title='bbox 1039 1967 1053 1988; x_wconf 90' lang='lat'>,</span> <span class='ocrx_word' id='word_1_345' title='bbox 1094 1948 1179 1991; x_wconf 87' lang='lat' dir='ltr'>qua</span> <span class='ocrx_word' id='word_1_346' title='bbox 1228 1935 1342 1980; x_wconf 81' lang='lat' dir='ltr'>vires</span> <span class='ocrx_word' id='word_1_347' title='bbox 1391 1935 1626 1979; x_wconf 83' lang='lat' dir='ltr'>medicatas</span> <span class='ocrx_word' id='word_1_348' title='bbox 1659 1932 1837 1977; x_wconf 71' lang='lat' dir='ltr'>olfa&amp;us</span> <span class='ocrx_word' id='word_1_349' title='bbox 1868 1933 2060 1990; x_wconf 77' lang='lat' dir='ltr'>detegit.</span> <span class='ocrx_word' id='word_1_350' title='bbox 2092 1934 2270 1981; x_wconf 73' lang='lat' dir='ltr'>Multas</span> 
     </span>
     <span class='ocr_line' id='line_1_31' title="bbox 115 1990 2268 2051; baseline 0.001 -14"><span class='ocrx_word' id='word_1_351' title='bbox 115 2004 260 2046; x_wconf 82' lang='lat' dir='ltr'>certe,</span> <span class='ocrx_word' id='word_1_352' title='bbox 290 2003 336 2038; x_wconf 91' lang='lat' dir='ltr'>ut</span> <span class='ocrx_word' id='word_1_353' title='bbox 367 2006 543 2046; x_wconf 85' lang='lat' dir='ltr'>aroma,</span> <span class='ocrx_word' id='word_1_354' title='bbox 575 1991 775 2041; x_wconf 62' lang='lat' dir='ltr'>spiritum</span> <span class='ocrx_word' id='word_1_355' title='bbox 806 1990 1019 2037; x_wconf 63' lang='lat' dir='ltr'>rectorem</span> <span class='ocrx_word' id='word_1_356' title='bbox 1038 2026 1050 2046; x_wconf 88' lang='lat'><strong>‚</strong></span> <span class='ocrx_word' id='word_1_357' title='bbox 1081 2006 1255 2037; x_wconf 86' lang='lat' dir='ltr'>acorem</span> <span class='ocrx_word' id='word_1_358' title='bbox 1287 1993 1611 2049; x_wconf 72' lang='lat' dir='ltr'>vegetabilem,</span> <span class='ocrx_word' id='word_1_359' title='bbox 1642 2005 1915 2046; x_wconf 77' lang='lat' dir='ltr'>amatorem,</span> <span class='ocrx_word' id='word_1_360' title='bbox 1944 1992 2268 2051; x_wconf 77' lang='lat' dir='ltr'>virtus,gustus</span> 
     </span>
     <span class='ocr_line' id='line_1_32' title="bbox 114 2048 2268 2108; baseline 0.001 -14"><span class='ocrx_word' id='word_1_361' title='bbox 114 2063 197 2094; x_wconf 87' lang='lat' dir='ltr'>una</span> <span class='ocrx_word' id='word_1_362' title='bbox 226 2064 324 2094; x_wconf 87' lang='lat' dir='ltr'>cum</span> <span class='ocrx_word' id='word_1_363' title='bbox 356 2048 512 2093; x_wconf 58' lang='lat' dir='ltr'>olfactu</span> <span class='ocrx_word' id='word_1_364' title='bbox 536 2081 549 2100; x_wconf 89' lang='lat'>,</span> <span class='ocrx_word' id='word_1_365' title='bbox 579 2049 621 2093; x_wconf 80' lang='lat'>8&lt;</span> <span class='ocrx_word' id='word_1_366' title='bbox 652 2063 965 2106; x_wconf 83' lang='lat' dir='ltr'>nonnunquam</span> <span class='ocrx_word' id='word_1_367' title='bbox 997 2050 1073 2096; x_wconf 87' lang='lat' dir='ltr'>iste</span> <span class='ocrx_word' id='word_1_368' title='bbox 1104 2051 1281 2108; x_wconf 83' lang='lat' dir='ltr'>quidem</span> <span class='ocrx_word' id='word_1_369' title='bbox 1313 2049 1425 2096; x_wconf 86' lang='lat' dir='ltr'>solus</span> <span class='ocrx_word' id='word_1_370' title='bbox 1451 2048 1648 2107; x_wconf 86' lang='lat' dir='ltr'>detegit.</span> <span class='ocrx_word' id='word_1_371' title='bbox 1682 2048 1764 2093; x_wconf 89' lang='lat' dir='ltr'>Vis</span> <span class='ocrx_word' id='word_1_372' title='bbox 1795 2049 1916 2095; x_wconf 85' lang='lat' dir='ltr'>enirn</span> <span class='ocrx_word' id='word_1_373' title='bbox 1947 2051 2127 2097; x_wconf 87' lang='lat' dir='ltr'>odorata</span> <span class='ocrx_word' id='word_1_374' title='bbox 2157 2066 2268 2097; x_wconf 85' lang='lat' dir='ltr'>non-</span> 
     </span>
     <span class='ocr_line' id='line_1_33' title="bbox 115 2104 812 2162; baseline -0.001 -10"><span class='ocrx_word' id='word_1_375' title='bbox 115 2119 336 2162; x_wconf 84' lang='lat' dir='ltr'>nunquam</span> <span class='ocrx_word' id='word_1_376' title='bbox 367 2105 519 2161; x_wconf 86' lang='lat' dir='ltr'>absque</span> <span class='ocrx_word' id='word_1_377' title='bbox 551 2104 699 2162; x_wconf 84' lang='lat' dir='ltr'>sapore</span> <span class='ocrx_word' id='word_1_378' title='bbox 730 2106 812 2151; x_wconf 88' lang='lat' dir='ltr'>est.</span> 
     </span>
    </p>

    <p class='ocr_par' dir='ltr' id='par_1_7' title="bbox 114 2162 2269 2336">
     <span class='ocr_line' id='line_1_34' title="bbox 179 2162 2269 2224; baseline 0.003 -18"><span class='ocrx_word' id='word_1_379' title='bbox 179 2162 312 2207; x_wconf 88' lang='lat' dir='ltr'>Bruta</span> <span class='ocrx_word' id='word_1_380' title='bbox 341 2162 544 2207; x_wconf 79' lang='lat' dir='ltr'>animalia</span> <span class='ocrx_word' id='word_1_381' title='bbox 576 2163 845 2209; x_wconf 85' lang='lat' dir='ltr'>institutione</span> <span class='ocrx_word' id='word_1_382' title='bbox 876 2175 1052 2222; x_wconf 85' lang='lat' dir='ltr'>carent,</span> <span class='ocrx_word' id='word_1_383' title='bbox 1085 2164 1127 2209; x_wconf 80' lang='lat'>8&lt;</span> <span class='ocrx_word' id='word_1_384' title='bbox 1159 2165 1287 2210; x_wconf 87' lang='lat' dir='ltr'>bestia</span> <span class='ocrx_word' id='word_1_385' title='bbox 1335 2164 1408 2210; x_wconf 77' lang='lat' dir='ltr'>fibi</span> <span class='ocrx_word' id='word_1_386' title='bbox 1452 2164 1527 2223; x_wconf 82' lang='lat' dir='ltr'>ipsi</span> <span class='ocrx_word' id='word_1_387' title='bbox 1573 2164 1651 2209; x_wconf 81' lang='lat' dir='ltr'>soli</span> <span class='ocrx_word' id='word_1_388' title='bbox 1696 2162 1823 2210; x_wconf 81' lang='lat' dir='ltr'>discit</span> <span class='ocrx_word' id='word_1_389' title='bbox 1864 2178 2071 2223; x_wconf 84' lang='lat' dir='ltr'>curatque</span> <span class='ocrx_word' id='word_1_390' title='bbox 2099 2201 2114 2224; x_wconf 92' lang='lat'>,</span> <span class='ocrx_word' id='word_1_391' title='bbox 2157 2167 2269 2213; x_wconf 82' lang='lat' dir='ltr'>nihil</span> 
     </span>
     <span class='ocr_line' id='line_1_35' title="bbox 117 2219 2268 2281; baseline 0 -16"><span class='ocrx_word' id='word_1_392' title='bbox 117 2220 343 2279; x_wconf 70' lang='lat' dir='ltr'>profutura</span> <span class='ocrx_word' id='word_1_393' title='bbox 374 2219 576 2278; x_wconf 82' lang='lat' dir='ltr'>posteris.</span> <span class='ocrx_word' id='word_1_394' title='bbox 610 2222 728 2265; x_wconf 86' lang='lat' dir='ltr'>Hinc</span> <span class='ocrx_word' id='word_1_395' title='bbox 761 2221 1001 2279; x_wconf 78' lang='lat' dir='ltr'>sagacitatis</span> <span class='ocrx_word' id='word_1_396' title='bbox 1033 2225 1177 2280; x_wconf 82' lang='lat' dir='ltr'>major</span> <span class='ocrx_word' id='word_1_397' title='bbox 1206 2224 1424 2268; x_wconf 72' lang='lat' dir='ltr'>necessitas</span> <span class='ocrx_word' id='word_1_398' title='bbox 1452 2258 1463 2269; x_wconf 85' lang='lat'><strong><em>.</em></strong></span> <span class='ocrx_word' id='word_1_399' title='bbox 1515 2223 1578 2265; x_wconf 85' lang='lat' dir='ltr'>Ea</span> <span class='ocrx_word' id='word_1_400' title='bbox 1610 2223 1713 2265; x_wconf 87' lang='lat' dir='ltr'>dot-e</span> <span class='ocrx_word' id='word_1_401' title='bbox 1759 2234 1917 2268; x_wconf 67' lang='lat' dir='ltr'>naturae</span> <span class='ocrx_word' id='word_1_402' title='bbox 1962 2225 2042 2267; x_wconf 87' lang='lat' dir='ltr'>alia</span> <span class='ocrx_word' id='word_1_403' title='bbox 2087 2226 2268 2281; x_wconf 77' lang='lat' dir='ltr'>quidem</span> 
     </span>
     <span class='ocr_line' id='line_1_36' title="bbox 114 2277 2148 2336; baseline 0.001 -13"><span class='ocrx_word' id='word_1_404' title='bbox 114 2280 305 2336; x_wconf 64' lang='lat' dir='ltr'>praedam</span> <span class='ocrx_word' id='word_1_405' title='bbox 337 2277 502 2322; x_wconf 85' lang='lat' dir='ltr'>eminus</span> <span class='ocrx_word' id='word_1_406' title='bbox 534 2278 772 2336; x_wconf 77' lang='lat' dir='ltr'>detegunt,</span> <span class='ocrx_word' id='word_1_407' title='bbox 810 2280 1030 2336; x_wconf 86' lang='lat' dir='ltr'>vultures,</span> <span class='ocrx_word' id='word_1_408' title='bbox 1062 2295 1213 2334; x_wconf 73' lang='lat' dir='ltr'>canes,</span> <span class='ocrx_word' id='word_1_409' title='bbox 1246 2280 1361 2336; x_wconf 88' lang='lat' dir='ltr'>ipsa,</span> <span class='ocrx_word' id='word_1_410' title='bbox 1392 2291 1438 2325; x_wconf 88' lang='lat' dir='ltr'>ut</span> <span class='ocrx_word' id='word_1_411' title='bbox 1471 2278 1683 2324; x_wconf 88' lang='lat' dir='ltr'>continuo</span> <span class='ocrx_word' id='word_1_412' title='bbox 1714 2279 1934 2334; x_wconf 83' lang='lat' dir='ltr'>dicemus,</span> <span class='ocrx_word' id='word_1_413' title='bbox 1968 2281 2148 2326; x_wconf 60' lang='lat' dir='ltr'>insecta.</span> 
     </span>
    </p>

    <p class='ocr_par' dir='ltr' id='par_1_8' title="bbox 114 2334 2266 2569">
     <span class='ocr_line' id='line_1_37' title="bbox 173 2334 2266 2395; baseline 0.003 -15"><span class='ocrx_word' id='word_1_414' title='bbox 173 2337 341 2381; x_wconf 88' lang='lat' dir='ltr'>Eodem</span> <span class='ocrx_word' id='word_1_415' title='bbox 370 2335 505 2380; x_wconf 86' lang='lat' dir='ltr'>etiam</span> <span class='ocrx_word' id='word_1_416' title='bbox 538 2334 654 2381; x_wconf 86' lang='lat' dir='ltr'>sensu</span> <span class='ocrx_word' id='word_1_417' title='bbox 684 2336 803 2381; x_wconf 83' lang='lat' dir='ltr'>vires</span> <span class='ocrx_word' id='word_1_418' title='bbox 841 2352 984 2382; x_wconf 86' lang='lat' dir='ltr'>rerum</span> <span class='ocrx_word' id='word_1_419' title='bbox 1015 2337 1089 2384; x_wconf 78' lang='lat' dir='ltr'>sibi</span> <span class='ocrx_word' id='word_1_420' title='bbox 1121 2338 1274 2384; x_wconf 76' lang='lat' dir='ltr'>noxias</span> <span class='ocrx_word' id='word_1_421' title='bbox 1306 2348 1378 2383; x_wconf 85' lang='lat' dir='ltr'>aut</span> <span class='ocrx_word' id='word_1_422' title='bbox 1410 2337 1538 2382; x_wconf 85' lang='lat' dir='ltr'>utiles</span> <span class='ocrx_word' id='word_1_423' title='bbox 1570 2336 1693 2382; x_wconf 89' lang='lat' dir='ltr'>unice</span> <span class='ocrx_word' id='word_1_424' title='bbox 1739 2337 2032 2395; x_wconf 50' lang='lat' dir='ltr'>distinguunt,</span> <span class='ocrx_word' id='word_1_425' title='bbox 2065 2340 2266 2387; x_wconf 79' lang='lat' dir='ltr'>Sedulam</span> 
     </span>
     <span class='ocr_line' id='line_1_38' title="bbox 114 2393 2264 2455; baseline 0.002 -18"><span class='ocrx_word' id='word_1_426' title='bbox 114 2393 258 2437; x_wconf 85' lang='lat' dir='ltr'>videas</span> <span class='ocrx_word' id='word_1_427' title='bbox 290 2393 500 2448; x_wconf 88' lang='lat' dir='ltr'>pascentis</span> <span class='ocrx_word' id='word_1_428' title='bbox 532 2393 628 2438; x_wconf 88' lang='lat' dir='ltr'>ovis</span> <span class='ocrx_word' id='word_1_429' title='bbox 662 2393 917 2449; x_wconf 83' lang='lat' dir='ltr'>solertiam,</span> <span class='ocrx_word' id='word_1_430' title='bbox 951 2409 1036 2452; x_wconf 86' lang='lat' dir='ltr'>qua</span> <span class='ocrx_word' id='word_1_431' title='bbox 1069 2409 1147 2453; x_wconf 89' lang='lat' dir='ltr'>per</span> <span class='ocrx_word' id='word_1_432' title='bbox 1176 2395 1328 2452; x_wconf 79' lang='lat' dir='ltr'>pascua</span> <span class='ocrx_word' id='word_1_433' title='bbox 1361 2395 1556 2452; x_wconf 83' lang='lat' dir='ltr'>gramina</span> <span class='ocrx_word' id='word_1_434' title='bbox 1587 2393 1786 2449; x_wconf 81' lang='lat' dir='ltr'>excutit,</span> <span class='ocrx_word' id='word_1_435' title='bbox 1818 2395 1977 2452; x_wconf 82' lang='lat' dir='ltr'>sibique</span> <span class='ocrx_word' id='word_1_436' title='bbox 2011 2411 2056 2441; x_wconf 88' lang='lat' dir='ltr'>ea</span> <span class='ocrx_word' id='word_1_437' title='bbox 2087 2396 2264 2455; x_wconf 85' lang='lat' dir='ltr'>seligit,</span> 
     </span>
     <span class='ocr_line' id='line_1_39' title="bbox 117 2449 2262 2511; baseline 0.003 -16"><span class='ocrx_word' id='word_1_438' title='bbox 117 2464 209 2507; x_wconf 78' lang='lat' dir='ltr'>qnae</span> <span class='ocrx_word' id='word_1_439' title='bbox 241 2449 337 2495; x_wconf 84' lang='lat' dir='ltr'>sunt</span> <span class='ocrx_word' id='word_1_440' title='bbox 369 2450 626 2496; x_wconf 83' lang='lat' dir='ltr'>salubriora.</span> <span class='ocrx_word' id='word_1_441' title='bbox 657 2451 854 2509; x_wconf 87' lang='lat' dir='ltr'>Ingentia</span> <span class='ocrx_word' id='word_1_442' title='bbox 885 2453 930 2497; x_wconf 87' lang='lat' dir='ltr'>in</span> <span class='ocrx_word' id='word_1_443' title='bbox 959 2453 1124 2509; x_wconf 83' lang='lat' dir='ltr'>alpibus</span> <span class='ocrx_word' id='word_1_444' title='bbox 1157 2453 1453 2506; x_wconf 87' lang='lat' dir='ltr'>helleboreta,</span> <span class='ocrx_word' id='word_1_445' title='bbox 1483 2452 1524 2496; x_wconf 79' lang='lat'>3&lt;</span> <span class='ocrx_word' id='word_1_446' title='bbox 1556 2452 1650 2496; x_wconf 86' lang='lat' dir='ltr'>vim</span> <span class='ocrx_word' id='word_1_447' title='bbox 1685 2454 1842 2510; x_wconf 84' lang='lat' dir='ltr'>napelli</span> <span class='ocrx_word' id='word_1_448' title='bbox 1876 2455 1919 2499; x_wconf 93' lang='lat' dir='ltr'>in</span> <span class='ocrx_word' id='word_1_449' title='bbox 1952 2454 2148 2511; x_wconf 78' lang='lat' dir='ltr'>lapidosis</span> <span class='ocrx_word' id='word_1_450' title='bbox 2179 2456 2262 2502; x_wconf 82' lang='lat' dir='ltr'>viis</span> 
     </span>
     <span class='ocr_line' id='line_1_40' title="bbox 115 2506 2266 2569; baseline 0.003 -17"><span class='ocrx_word' id='word_1_451' title='bbox 115 2506 374 2553; x_wconf 81' lang='lat' dir='ltr'>immensam</span> <span class='ocrx_word' id='word_1_452' title='bbox 405 2509 577 2562; x_wconf 86' lang='lat' dir='ltr'>videas,</span> <span class='ocrx_word' id='word_1_453' title='bbox 611 2522 799 2566; x_wconf 88' lang='lat' dir='ltr'>quorum</span> <span class='ocrx_word' id='word_1_454' title='bbox 834 2521 1036 2555; x_wconf 88' lang='lat' dir='ltr'>neutrum</span> <span class='ocrx_word' id='word_1_455' title='bbox 1068 2511 1154 2556; x_wconf 89' lang='lat' dir='ltr'>ulla</span> <span class='ocrx_word' id='word_1_456' title='bbox 1185 2521 1381 2556; x_wconf 86' lang='lat' dir='ltr'>armenta</span> <span class='ocrx_word' id='word_1_457' title='bbox 1412 2521 1625 2567; x_wconf 80' lang='lat' dir='ltr'>tangunt.</span> <span class='ocrx_word' id='word_1_458' title='bbox 1661 2509 1881 2558; x_wconf 77' lang='lat' dir='ltr'>Homines</span> <span class='ocrx_word' id='word_1_459' title='bbox 1915 2513 2089 2569; x_wconf 87' lang='lat' dir='ltr'>quidem</span> <span class='ocrx_word' id='word_1_460' title='bbox 2125 2513 2167 2557; x_wconf 89' lang='lat' dir='ltr'>in</span> <span class='ocrx_word' id='word_1_461' title='bbox 2201 2529 2266 2560; x_wconf 88' lang='lat' dir='ltr'>re-</span> 
     </span>
    </p>
   </div>
   <div class='ocr_carea' id='block_1_3' title="bbox 107 2564 2265 2676">
    <p class='ocr_par' dir='ltr' id='par_1_9' title="bbox 107 2564 2265 2676">
     <span class='ocr_line' id='line_1_41' title="bbox 107 2564 2264 2675; baseline 0.002 -64"><span class='ocrx_word' id='word_1_462' title='bbox 107 2577 236 2624; x_wconf 69' lang='lat' dir='ltr'>mota</span> <span class='ocrx_word' id='word_1_463' title='bbox 264 2564 494 2617; x_wconf 72' lang='lat' dir='ltr'>solitudine</span> <span class='ocrx_word' id='word_1_464' title='bbox 525 2567 718 2614; x_wconf 82' lang='lat' dir='ltr'>destituti</span> <span class='ocrx_word' id='word_1_465' title='bbox 754 2566 942 2614; x_wconf 74' lang='lat' dir='ltr'>aliorum</span> <span class='ocrx_word' id='word_1_466' title='bbox 973 2569 1208 2616; x_wconf 73' lang='lat' dir='ltr'>hominum</span> <span class='ocrx_word' id='word_1_467' title='bbox 1241 2568 1452 2672; x_wconf 75' lang='lat' dir='ltr'>moniti‘sR,</span> <span class='ocrx_word' id='word_1_468' title='bbox 1482 2568 1608 2616; x_wconf 83' lang='lat' dir='ltr'>facile</span> <span class='ocrx_word' id='word_1_469' title='bbox 1641 2582 1813 2627; x_wconf 82' lang='lat' dir='ltr'>errant,</span> <span class='ocrx_word' id='word_1_470' title='bbox 1843 2572 1885 2618; x_wconf 77' lang='lat'>8&lt;</span> <span class='ocrx_word' id='word_1_471' title='bbox 1917 2571 2077 2629; x_wconf 79' lang='lat' dir='ltr'>plantis</span> <span class='ocrx_word' id='word_1_472' title='bbox 2110 2570 2264 2675; x_wconf 50' lang='grc' dir='ltr'>ξιφέω-</span> 
     </span>
     <span class='ocr_line' id='line_1_42' title="bbox 126 2639 2265 2676; baseline 0.002 -7"><span class='ocrx_word' id='word_1_473' title='bbox 126 2639 128 2642; x_wconf 73' lang='grc'><strong>’</strong></span> <span class='ocrx_word' id='word_1_474' title='bbox 964 2659 966 2661; x_wconf 92' lang='grc'>-</span> <span class='ocrx_word' id='word_1_475' title='bbox 1513 2643 1536 2672; x_wconf 82' lang='lat'>2</span> <span class='ocrx_word' id='word_1_476' title='bbox 2148 2644 2184 2675; x_wconf 78' lang='lat' dir='ltr'>ti</span> <span class='ocrx_word' id='word_1_477' title='bbox 2216 2642 2265 2676; x_wconf 84' lang='lat' dir='ltr'>us</span> 
     </span>
    </p>
   </div>
   <div class='ocr_carea' id='block_1_4' title="bbox 124 2897 2260 2936">
    <p class='ocr_par' dir='ltr' id='par_1_10' title="bbox 124 2897 2260 2936">
     <span class='ocr_line' id='line_1_43' title="bbox 124 2897 2260 2936; baseline 0.007 -14"><span class='ocrx_word' id='word_1_478' title='bbox 124 2908 1068 2930; x_wconf 47' lang='lat' dir='ltr'>——u—t-——n—--nm—</span> <span class='ocrx_word' id='word_1_479' title='bbox 1075 2897 2260 2936; x_wconf 48' lang='lat' dir='ltr'>m--n-——a——n-——d-m</span> 
     </span>
    </p>
   </div>
   <div class='ocr_carea' id='block_1_5' title="bbox 108 3013 2256 3250">
    <p class='ocr_par' dir='ltr' id='par_1_11' title="bbox 154 3013 2256 3157">
     <span class='ocr_line' id='line_1_44' title="bbox 159 3013 2256 3066; baseline 0.005 -18"><span class='ocrx_word' id='word_1_480' title='bbox 159 3013 217 3056; x_wconf 64' lang='grc' dir='ltr'>(υ)</span> <span class='ocrx_word' id='word_1_481' title='bbox 245 3016 390 3058; x_wconf 70' lang='lat' dir='ltr'>Bradley</span> <span class='ocrx_word' id='word_1_482' title='bbox 414 3017 521 3051; x_wconf 80' lang='lat' dir='ltr'>ladies</span> <span class='ocrx_word' id='word_1_483' title='bbox 547 3017 666 3052; x_wconf 56' lang='lat' dir='ltr'>duest.</span> <span class='ocrx_word' id='word_1_484' title='bbox 694 3030 724 3062; x_wconf 82' lang='lat' dir='ltr'>p.</span> <span class='ocrx_word' id='word_1_485' title='bbox 752 3024 807 3056; x_wconf 84' lang='lat'>86,</span> <span class='ocrx_word' id='word_1_486' title='bbox 1257 3023 1320 3064; x_wconf 69' lang='lat' dir='ltr'>(y)</span> <span class='ocrx_word' id='word_1_487' title='bbox 1349 3022 1496 3058; x_wconf 67' lang='lat' dir='ltr'>Arsenici</span> <span class='ocrx_word' id='word_1_488' title='bbox 1524 3022 1723 3066; x_wconf 77' lang='lat' dir='ltr'>gratiffimus</span> <span class='ocrx_word' id='word_1_489' title='bbox 1751 3043 1762 3060; x_wconf 90' lang='lat'>,</span> <span class='ocrx_word' id='word_1_490' title='bbox 1786 3028 1901 3055; x_wconf 82' lang='lat' dir='ltr'>tamen</span> <span class='ocrx_word' id='word_1_491' title='bbox 1928 3029 2114 3058; x_wconf 71' lang='lat' dir='ltr'>venenatus</span> <span class='ocrx_word' id='word_1_492' title='bbox 2140 3022 2224 3059; x_wconf 69' lang='lat' dir='ltr'>Odor</span> <span class='ocrx_word' id='word_1_493' title='bbox 2242 3046 2256 3065; x_wconf 86' lang='lat'>‚</span> 
     </span>
     <span class='ocr_line' id='line_1_45' title="bbox 155 3059 2255 3114; baseline 0.007 -21"><span class='ocrx_word' id='word_1_494' title='bbox 155 3059 234 3104; x_wconf 69' lang='grc' dir='ltr'>(η’)</span> <span class='ocrx_word' id='word_1_495' title='bbox 262 3063 391 3105; x_wconf 79' lang='lat' dir='ltr'>Rumpf</span> <span class='ocrx_word' id='word_1_496' title='bbox 414 3063 545 3096; x_wconf 78' lang='lat' dir='ltr'>herbar.</span> <span class='ocrx_word' id='word_1_497' title='bbox 574 3065 735 3100; x_wconf 78' lang='lat' dir='ltr'>Amboin.</span> <span class='ocrx_word' id='word_1_498' title='bbox 763 3071 800 3101; x_wconf 79' lang='lat' dir='ltr'>L.</span> <span class='ocrx_word' id='word_1_499' title='bbox 828 3070 854 3102; x_wconf 83' lang='grc' dir='ltr'>ῐ.</span> <span class='ocrx_word' id='word_1_500' title='bbox 881 3078 911 3101; x_wconf 84' lang='grc' dir='ltr'>ο.</span> <span class='ocrx_word' id='word_1_501' title='bbox 938 3079 991 3109; x_wconf 75' lang='lat'>²4·</span> <span class='ocrx_word' id='word_1_502' title='bbox 1213 3076 1286 3103; x_wconf 72' lang='lat' dir='ltr'>arte</span> <span class='ocrx_word' id='word_1_503' title='bbox 1317 3071 1531 3102; x_wconf 64' lang='lat' dir='ltr'>Tacsoeniarza</span> <span class='ocrx_word' id='word_1_504' title='bbox 1558 3077 1693 3112; x_wconf 82' lang='lat' dir='ltr'>paratus</span> <span class='ocrx_word' id='word_1_505' title='bbox 1720 3068 1911 3102; x_wconf 77' lang='lat' dir='ltr'>Boerhaave</span> <span class='ocrx_word' id='word_1_506' title='bbox 1947 3069 2058 3103; x_wconf 77' lang='lat' dir='ltr'>morb·</span> <span class='ocrx_word' id='word_1_507' title='bbox 2098 3080 2194 3108; x_wconf 63' lang='grc' dir='ltr'><strong>πιεῖν·</strong></span> <span class='ocrx_word' id='word_1_508' title='bbox 2218 3081 2255 3114; x_wconf 71' lang='lat' dir='ltr'>P·</span> 
     </span>
     <span class='ocr_line' id='line_1_46' title="bbox 154 3102 1313 3157; baseline 0.005 -17"><span class='ocrx_word' id='word_1_509' title='bbox 154 3102 216 3146; x_wconf 69' lang='lat' dir='ltr'>(x)</span> <span class='ocrx_word' id='word_1_510' title='bbox 245 3111 338 3152; x_wconf 80' lang='lat' dir='ltr'>Aqua</span> <span class='ocrx_word' id='word_1_511' title='bbox 365 3109 506 3150; x_wconf 81' lang='lat' dir='ltr'>insipida</span> <span class='ocrx_word' id='word_1_512' title='bbox 528 3133 538 3149; x_wconf 89' lang='lat'>,</span> <span class='ocrx_word' id='word_1_513' title='bbox 565 3109 727 3152; x_wconf 83' lang='lat' dir='ltr'>inodora,</span> <span class='ocrx_word' id='word_1_514' title='bbox 753 3112 806 3146; x_wconf 82' lang='lat' dir='ltr'>sed</span> <span class='ocrx_word' id='word_1_515' title='bbox 832 3114 961 3149; x_wconf 78' lang='lat' dir='ltr'>funesta</span> <span class='ocrx_word' id='word_1_516' title='bbox 986 3113 1055 3148; x_wconf 75' lang='lat' dir='ltr'>suit</span> <span class='ocrx_word' id='word_1_517' title='bbox 1073 3136 1084 3154; x_wconf 87' lang='lat'>‚</span> <span class='ocrx_word' id='word_1_518' title='bbox 1101 3111 1151 3146; x_wconf 72' lang='lat' dir='ltr'>in·</span> <span class='ocrx_word' id='word_1_519' title='bbox 1212 3114 1313 3157; x_wconf 75' lang='lat'>437.&#39;</span> 
     </span>
    </p>

    <p class='ocr_par' dir='ltr' id='par_1_12' title="bbox 108 3154 2069 3205">
     <span class='ocr_line' id='line_1_47' title="bbox 108 3154 2069 3205; baseline 0.013 -25"><span class='ocrx_word' id='word_1_520' title='bbox 108 3154 163 3182; x_wconf 70' lang='lat' dir='ltr'>ter</span> <span class='ocrx_word' id='word_1_521' title='bbox 190 3156 314 3186; x_wconf 82' lang='lat' dir='ltr'>venena</span> <span class='ocrx_word' id='word_1_522' title='bbox 341 3154 488 3189; x_wconf 71' lang='lat' dir='ltr'>venefica</span> <span class='ocrx_word' id='word_1_523' title='bbox 515 3155 739 3191; x_wconf 72' lang='lat' dir='ltr'>Brinvillicn</span> <span class='ocrx_word' id='word_1_524' title='bbox 764 3161 874 3195; x_wconf 73' lang='lat' dir='ltr'>Mem,</span> <span class='ocrx_word' id='word_1_525' title='bbox 914 3167 1028 3205; x_wconf 37' lang='lat' dir='ltr'>avan&amp;</span> <span class='ocrx_word' id='word_1_526' title='bbox 1056 3164 1148 3200; x_wconf 68' lang='lat'><strong>1699·</strong></span> <span class='ocrx_word' id='word_1_527' title='bbox 1252 3160 1310 3202; x_wconf 81' lang='lat'>(2)</span> <span class='ocrx_word' id='word_1_528' title='bbox 1338 3159 1426 3192; x_wconf 72' lang='lat' dir='ltr'>Phil·</span> <span class='ocrx_word' id='word_1_529' title='bbox 1452 3158 1554 3191; x_wconf 68' lang='lat' dir='ltr'>fflffls·</span> <span class='ocrx_word' id='word_1_530' title='bbox 1580 3167 1604 3192; x_wconf 92' lang='lat' dir='ltr'>t.</span> <span class='ocrx_word' id='word_1_531' title='bbox 1628 3171 1680 3200; x_wconf 80' lang='lat'>50-</span> <span class='ocrx_word' id='word_1_532' title='bbox 1708 3163 1743 3194; x_wconf 78' lang='grc' dir='ltr'>Ρ·</span> <span class='ocrx_word' id='word_1_533' title='bbox 1771 3166 1800 3191; x_wconf 92' lang='lat'>²·</span> <span class='ocrx_word' id='word_1_534' title='bbox 1828 3169 1861 3204; x_wconf 77' lang='lat'>1³¹</span> <span class='ocrx_word' id='word_1_535' title='bbox 1884 3167 1963 3203; x_wconf 80' lang='lat'>772·</span> <span class='ocrx_word' id='word_1_536' title='bbox 1990 3169 2069 3205; x_wconf 76' lang='lat'><em>773·</em></span> 
     </span>
    </p>

    <p class='ocr_par' dir='ltr' id='par_1_13' title="bbox 109 3196 1642 3250">
     <span class='ocr_line' id='line_1_48' title="bbox 109 3196 1642 3250; baseline 0.005 -20"><span class='ocrx_word' id='word_1_537' title='bbox 109 3196 144 3228; x_wconf 79' lang='grc' dir='ltr'>Ρ.</span> <span class='ocrx_word' id='word_1_538' title='bbox 172 3197 206 3229; x_wconf 79' lang='lat'>11</span> <span class='ocrx_word' id='word_1_539' title='bbox 243 3207 276 3241; x_wconf 72' lang='lat' dir='ltr'>p.</span> <span class='ocrx_word' id='word_1_540' title='bbox 302 3201 378 3242; x_wconf 74' lang='lat'>18³·</span> <span class='ocrx_word' id='word_1_541' title='bbox 1253 3205 1309 3250; x_wconf 76' lang='lat' dir='ltr'>(a)</span> <span class='ocrx_word' id='word_1_542' title='bbox 1338 3206 1477 3248; x_wconf 68' lang='lat' dir='ltr'>Hartiep</span> <span class='ocrx_word' id='word_1_543' title='bbox 1505 3215 1537 3248; x_wconf 83' lang='lat' dir='ltr'>p.</span> <span class='ocrx_word' id='word_1_544' title='bbox 1567 3207 1642 3240; x_wconf 81' lang='lat'><em>180.</em></span> 
     </span>
    </p>
   </div>
  </div>
 </body>
</html>
