2620 3657
214 111 270 141 xv
900 100 935 143 P
995 94 1058 151 R,
1097 97 1154 144 ΗΞ
1215 97 1247 142 F
1307 97 1355 144 A
1415 98 1463 144 T
1522 99 1546 144 Ι
1606 101 1680 146 0.
1954 129 1959 134 .

209 157 252 201 8(
287 157 344 202 est
377 157 624 205 irritabilis.
657 158 909 214 Utrumque
940 157 1160 211 doceo,&
1190 156 1233 202 id
1264 167 1395 200 vocat
1429 157 1499 202 Cl.
1517 157 1588 204 vir
1619 158 1730 204 mihi
1763 159 1824 205 ita
1854 160 2360 218 contradicere‚utfides

209 216 526 273 experimentis
558 217 665 262 meis
699 218 815 262 nulla
847 215 992 261 haberi
1026 215 1185 271 poffit‚
1216 228 1354 271 neque
1387 214 1431 259 in
1462 216 1548 260 alio
1579 231 1838 275 argumento
1869 218 1941 264 fibi
1976 222 2163 276 placeret
2193 221 2357 278 magis.

271 275 494 320 Tendines
526 282 614 330 (7)
647 290 733 320 non
767 274 859 318 sunt
891 273 1147 326 irritabiles,
1179 286 1318 328 neque
1350 272 1395 316 vi
1430 273 1551 318 insita
1581 277 1923 332 contrahuntur,
1957 293 2092 335 neque
2128 279 2168 324 vi
2202 293 2356 322 nervo-

209 330 278 376 sa.
312 333 372 377 Et
405 346 551 378 tamen
585 334 779 378 tendines
811 332 945 376 etiam
975 332 1133 376 dudum
1161 329 1333 374 mortui
1364 333 1682 378 contrahuntur
1715 334 1760 379 vi
1793 347 1964 379 mortua
1990 369 2003 389 ,
2035 338 2268 392 eademque
2301 336 2367 380 est‘

211 392 488 436 valvularum
520 391 775 436 venosarum
808 391 948 436 cordis
981 386 1204 433 conditio.
1252 387 1362 432 Haec
1393 389 1498 433 adeo
1529 404 1659 447 vera,
1689 392 1796 436 adeo
1825 391 1867 436 &
1899 394 2033 451 vulgo
2065 407 2200 449 nota,
2231 405 2354 450 putat

213 448 410 492 Haemus
443 449 683 505 turpiffime
714 449 785 493 fibi
818 448 1113 493 contradicere
1132 478 1144 489 .

277 506 571 551 Perieranium
606 508 696 559 (8)
727 522 778 551 ex
811 505 1003 561 analogia
1032 503 1175 547 credas
1208 501 1398 548 insenfile
1429 504 1510 550 effe
1529 540 1542 561 ‚
1572 515 1621 550 ut
1652 506 1767 562 quod
1799 508 1849 553 fit
1881 510 1932 553 de
1964 510 2153 566 periostii
2188 521 2354 565 natura,

213 562 331 608 idem
368 564 411 608 in
443 565 536 608 aliis
570 563 879 622 experimentis
910 560 1083 618 injurias
1114 559 1270 606 sentire
1302 561 1500 608 videtur.
1538 563 1709 620 Repunt
1742 579 1818 621 per
1856 567 2146 622 perieranium
2178 568 2357 624 profun-

219 622 261 666 di
296 622 453 676 nervi,
485 636 594 678 quos
626 638 712 666 non
747 619 873 677 postis
906 634 993 663 non
1037 618 1224 682 incidere
1251 651 1266 674 ,
1307 620 1411 664 dum
1456 621 1745 676 perieranium
1789 621 1924 667 violas
1950 654 1960 667 .
2006 625 2157 681 Itaque
2189 625 2356 680 experi-

215 692 365 724 menta
398 681 468 724 hic
502 696 589 726 non
621 696 667 724 ea
698 679 792 722 sunt
819 709 832 731 ‚
878 691 969 733 quae
1013 678 1246 722 hominem
1288 675 1497 723 fincerum
1545 680 1836 725 convincant.
1869 679 2014 737 Quare
2043 683 2094 726 de
2127 679 2356 737 perieranii

212 737 332 782 sensu
364 738 557 794 ampliu,
589 751 633 783 ut
668 749 815 780 tamen
845 735 1050 792 analogiae
1081 735 1194 779 durae
1226 734 1377 780 matris
1407 736 1502 792 plus
1535 736 1747 783 tribuam.
1779 736 1839 782 Et
1869 738 1959 782 haec
1989 739 2095 785 adeo
2125 737 2354 798 simplicia,

214 808 378 845 magno
412 794 749 840 cumconvicio
781 795 936 838 clamat
968 793 1037 837 vir
1067 793 1139 836 Cl.
1172 790 1253 836 effe
1283 794 1490 838 contrarii
1521 793 1595 838 fibi
1628 794 1703 851 ipsi
1736 795 1962 840 hominis.

272 854 341 897 De
375 854 557 897 medulla
589 857 654 909 (9)
685 851 838 896 offium
871 851 1222 908 experimentum
1255 850 1484 907 proprium
1516 867 1606 897 non
1635 852 1858 906 habeo,&
1889 852 2020 899 video
2049 854 2228 899 difficile
2255 853 2352 909 effe,

215 911 375 966 sibique
409 910 623 955 contraria
657 909 955 966 experimenta
985 908 1172 953 obstare.
1203 907 1303 965 Ego
1334 909 1681 966 amplio‚quoad
1709 910 1842 954 exstet
1869 910 2138 967 aliquis,qui
2166 927 2350 956 nervum

214 983 315 1013 cum
350 969 502 1013 arteria
533 969 575 1014 8<
608 984 714 1012 vena
747 967 925 1011 nutritia
957 968 1005 1010 ad
1031 966 1268 1011 medullam
1294 965 1713 1022 persequatur‚tunc
1733 968 1882 1024 utique
1898 968 2353 1024 faffurus,sensumha-

214 1025 312 1069 bere
345 1028 594 1080 medullam,
614 1041 706 1083 quae
740 1041 894 1071 nervos
927 1025 1104 1069 habeat.
1137 1025 1200 1066 Ea
1232 1024 1392 1068 iterum
1422 1024 1496 1068 fibi
1528 1025 1823 1070 contradicere
1857 1025 2350 1082 opinaturadversarius.

271 1084 430 1129 Cordis
463 1100 618 1129 nervos
651 1090 768 1140 (10)
799 1083 890 1127 dixi
925 1083 1113 1135 multos,
1145 1081 1219 1137 qui
1251 1082 1300 1125 ad
1332 1080 1499 1126 sensum
1532 1085 1637 1128 adeo
1682 1083 1923 1138 sufficiant,
1954 1083 2021 1129 sed
2053 1098 2210 1141 parvos
2244 1083 2356 1139 effe,

213 1142 288 1198 qui
325 1159 411 1187 non
447 1143 657 1188 sufficiant
690 1144 739 1186 ad
772 1143 895 1186 valde
927 1155 1067 1185 acrem
1103 1138 1298 1183 sensum.
1332 1139 1502 1183 Deinde
1532 1142 1710 1185 cultello
1752 1141 1930 1196 quidem
1961 1156 2121 1187 nervos
2154 1143 2198 1186 in
2231 1143 2358 1186 lacer-

219 1201 334 1244 tulos
367 1202 550 1246 intimos
570 1236 582 1256 ,
615 1217 636 1245 a
671 1200 869 1259 sanguine
902 1198 1064 1243 venofo
1095 1196 1191 1241 solo
1224 1208 1373 1241 tenero
1404 1197 1634 1244 involucro
1666 1198 1705 1242 se
1738 1211 1887 1243 motos
1913 1232 1926 1253 ,
1971 1212 2041 1244 aut
2087 1215 2175 1244 non
2206 1199 2357 1244 deduci

216 1258 336 1315 posse
356 1293 368 1313 ,
400 1272 470 1303 aut
503 1271 618 1304 certe
652 1274 739 1303 non
771 1257 970 1302 deductos
1004 1255 1084 1300 effe
1117 1255 1255 1300 fateor
1279 1288 1290 1299 .
1335 1255 1394 1299 Et
1427 1266 1574 1300 tamen
1606 1269 1774 1301 certum
1807 1256 1973 1312 videri,
2005 1258 2053 1301 ad
2086 1273 2182 1302 eam
2215 1256 2359 1301 sedem

218 1317 413 1361 carnium
446 1318 587 1363 cordis
618 1332 725 1374 pene
759 1318 965 1362 nudarum
1000 1314 1060 1358 ire
1093 1313 1296 1358 nervulos
1323 1347 1335 1367 ‚
1378 1328 1477 1357 cum
1509 1315 1558 1357 ad
1592 1315 1775 1358 lacertos
1810 1313 2064 1358 musculares
2095 1315 2281 1371 undique
2313 1314 2360 1358 in

217 1389 402 1432 corpore
434 1377 627 1421 humano
658 1374 780 1419 nervi
814 1375 1030 1419 ferantur:
1064 1372 1135 1416 hic
1169 1386 1272 1415 vero
1305 1371 1349 1414 in
1382 1371 1510 1415 corde
1543 1371 1752 1424 ejusmodi
1795 1371 1875 1416 s1nt
1922 1372 2098 1417 lacerti.
2131 1371 2362 1417 Veriffirna

218 1433 309 1477 haec
342 1434 515 1488 omnia,
549 1446 594 1478 ut
628 1433 787 1490 possint
820 1432 891 1476 fibi
924 1431 1141 1476 contraria
1171 1428 1280 1483 effe,
1311 1428 1503 1473 viderint
1534 1430 1645 1486 aequi
1679 1428 1863 1486 judices.

281 1491 450 1536 Tuflim
470 1493 619 1547 (11)in
653 1491 908 1535 animalibus
942 1504 1028 1534 non
1046 1487 1228 1546 potuisse
1260 1501 1330 1531 me
1348 1486 1559 1531 irritando
1589 1490 1821 1543 producere
1840 1487 1963 1533 fassus
1995 1487 2180 1544 sum‚nis1
2195 1487 2239 1532 in
2253 1503 2365 1545 agno

216 1547 379 1602 semel,
411 1566 543 1605 neque
573 1550 768 1606 optime.
807 1548 854 1592 ln
886 1548 1065 1592 homine
1097 1547 1244 1590 eadem
1277 1544 1886 1601 irritatio,idemque‚quem
1918 1546 2080 1600 citavi,
2107 1547 2248 1590 fumus
2281 1545 2362 1590 sul-

215 1607 489 1662 furis,facile
522 1608 665 1653 tussim
699 1619 960 1662 extorquet.
995 1605 1102 1648 Haec
1135 1604 1294 1647 iterum
1328 1604 1613 1646 vehementer
1642 1602 1779 1647 credit
1810 1603 1881 1646 vir
1912 1605 1980 1646 Cl.
2012 1602 2053 1646 se
2085 1617 2360 1660 oppugnare.

280 1666 374 1710 Cor
404 1667 583 1722 quidem
616 1667 658 1710 in
692 1665 794 1710 solis
825 1663 992 1721 frigidis
1026 1666 1119 1717 (η)
1150 1661 1404 1705 animalibus
1437 1659 1626 1715 inaniri,
1656 1671 1811 1716 praeter
1843 1675 1992 1704 verum
2024 1661 2206 1704 dicitur.
2242 1659 2361 1705 Nam

216 1721 257 1766 8<
291 1724 336 1767 in
369 1723 604 1781 pullo,qui
638 1739 728 1768 ovo
757 1722 1034 1775 continetur-0,
1055 1718 1371 1763 evidentisslme
1402 1717 1624 1773 inanitur,
1654 1717 1694 1760 8<
1729 1718 1772 1761 in
1805 1718 1985 1762 homine
2016 1717 2237 1774 saepe,etfi
2270 1732 2361 1762 non

216 1782 417 1837 semper,
439 1783 562 1827 inane
594 1794 815 1838 repertum
843 1780 929 1823 est.
961 1778 1004 1824 Si
1037 1792 1126 1822 non
1159 1775 1328 1833 semper
1357 1776 1480 1821 inane
1512 1775 1569 1819 est
1601 1775 1823 1829 cadaveri,
1856 1774 1973 1820 causa
2006 1775 2063 1819 est
2101 1775 2145 1819 in
2165 1775 2361 1831 superve-

216 1839 366 1883 niente
398 1841 553 1884 ultima
585 1839 834 1891 debilitate,
868 1851 960 1893 quae
992 1851 1081 1880 non
1113 1834 1271 1879 sufficit
1292 1869 1304 1889 ,
1335 1846 1381 1878 ut
1414 1849 1490 1879 cor
1521 1835 1701 1879 ultimos
1733 1834 1896 1878 cruoris
1929 1848 2105 1890 grumos
2138 1833 2360 1889 expediat.

275 1897 369 1940 Cor
399 1900 414 1948 (
443 1900 520 1954 ¹3)
552 1899 679 1941 breve
708 1896 802 1940 fieri
837 1897 1134 1952 longumque;
1169 1893 1241 1937 etsi
1273 1892 1312 1937 se
1344 1906 1432 1936 non
1480 1891 1618 1936 inanit
1649 1924 1663 1945 ‚
1710 1906 1763 1934 ex
1807 1891 2033 1935 communi
2064 1889 2180 1936 fibrae
2213 1902 2362 1934 natura

215 1951 440 2010 sequitur,
472 1969 565 2011 quae
597 1954 771 1998 alternis
802 1953 994 1997 dufflibus
1039 1953 1121 1995 huc
1167 1950 1326 2004 tracia,
1357 1949 1399 1992 ἃ
1432 1950 1564 2004 illuc,
1595 1948 1764 1994 oscillat
1785 1982 1796 1993 .
1828 1951 2124 1994 Vehementer
2167 1950 2255 1993 haec
2286 1946 2362 1992 fibi

212 2013 435 2056 contraria
467 2012 547 2056 effe
580 2009 804 2064 Haenim,
836 2009 910 2053 etsi
944 2020 1181 2062 utrumque
1214 2009 1534 2064 phaenonaenon
1566 2007 1623 2050 est
1646 2019 1773 2063 ¹certo
1805 2006 1946 2051 visum
1967 2038 1976 2050 .

275 2069 383 2114 Haec
417 2070 600 2124 inveni,
632 2083 724 2125 quae
756 2067 918 2123 exponi
951 2065 1052 2109 esset
1087 2064 1184 2107 satis
1216 2096 1229 2118 ,
1274 2078 1411 2119 neque
1457 2063 1675 2120 indigeant
1719 2078 1814 2108 mea
1857 2063 2143 2109 refutatione.
2179 2061 2364 2118 Reliqua

208 2128 401 2172 omnino
431 2130 482 2172 ad
514 2127 682 2173 causam
714 2140 802 2169 non
835 2125 994 2169 faciunt
1027 2155 1040 2177 ,
1084 2121 1159 2166 etsi
1201 2122 1252 2165 ad
1297 2121 1460 2184 famam
1504 2121 1684 2177 quidem
1731 2136 1875 2167 meam
1907 2121 2122 2178 speciant.
2154 2120 2231 2166 Sed
2265 2133 2363 2164 eam

215 2184 294 2229 nili
326 2186 434 2230 meis
468 2185 590 2230 vitiis
622 2182 908 2230 contaminari
942 2195 1031 2225 non
1063 2178 1179 2236 posse
1211 2179 1323 2223 mih1
1356 2177 1602 2234 persuasum
1634 2178 1721 2222 est.

275 2242 498 2298 Unicum,
529 2244 570 2286 &
603 2255 649 2287 ut
681 2240 769 2298 ipse
799 2252 935 2297 puto,
967 2253 1120 2282 verum
1150 2236 1208 2281 est
1251 2236 1500 2281 convitium
1531 2238 1583 2281 de
1615 2235 1888 2282 citationibus
1919 2271 1930 2282 .
1977 2236 2029 2281 In
2062 2251 2243 2282 numero
2275 2235 2362 2280 im·

213 2299 397 2356 menso,
429 2317 530 2346 cum
560 2299 702 2344 senilis
734 2313 831 2343 mea
864 2311 1013 2343 manus
1047 2307 1206 2340 tremat
1236 2294 1512 2340 inducendis
1561 2295 1870 2340 charaeteribus
1898 2328 1912 2348 ‚
1955 2310 2055 2340 cum
2098 2311 2120 2339 a
2151 2296 2281 2351 praelo
2311 2294 2358 2336 in

216 2359 447 2416 provincia
477 2357 635 2411 abfim,
667 2372 769 2402 cum
800 2367 871 2400 aut
903 2354 1095 2400 notarius
1128 2385 1143 2406 ,
1185 2365 1257 2397 aut
1287 2353 1613 2409 typographus,
1645 2353 1779 2395 alium
1810 2352 1934 2397 facile
1967 2367 2046 2407 pro
2079 2367 2180 2396 vero
2212 2353 2358 2394 chara-

218 2416 377 2461 &erem
412 2416 539 2474 poffit
572 2416 793 2472 supplere,
824 2429 922 2458 cum
956 2427 1001 2455 ea
1048 2408 1197 2460 omnia
1222 2442 1236 2462 ,
1281 2411 1384 2454 dum
1436 2408 1542 2453 folia
1587 2412 1637 2453 de
1670 2410 1802 2463 praelo
1835 2411 2047 2461 emendo,
2078 2408 2278 2463 castigare
2310 2406 2358 2449 in

215 2475 398 2519 homine
428 2473 677 2531 magistratu
705 2473 962 2529 defungente
993 2471 1036 2515 8<
1067 2467 1339 2512 severiffimis
1373 2467 1483 2511 curis
1514 2466 1727 2520 distento,
1754 2466 1875 2520 supra
1910 2466 2020 2509 vires
2054 2466 2258 2509 humanas
2289 2462 2357 2518 sit,

219 2531 261 2574 ὃ(
294 2532 545 2588 persuadeor
577 2531 647 2576 hic
679 2530 788 2574 vitia
818 2527 975 2572 subesse
998 2560 1013 2583 ‚
1055 2526 1097 2569 8<
1139 2525 1293 2581 sponte
1335 2525 1543 2580 deprecor
1570 2556 1580 2567 .
1632 2522 1737 2567 Non
1770 2534 1914 2566 tamen
1947 2523 2075 2566 credo
2106 2522 2230 2566 ullius
2264 2535 2353 2564 ma-

222 2590 326 2646 joris
358 2590 572 2635 momenti
607 2587 734 2634 inesse
778 2585 1015 2642 sphalmata
1046 2616 1055 2627 .
1104 2584 1213 2639 Quae
1255 2581 1373 2626 enim
1418 2582 1468 2625 ad
1514 2580 1856 2626 confirmandam
1889 2578 2189 2636 quamcunque
2219 2577 2357 2623 thesin

216 2647 438 2704 speciant,
469 2663 518 2697 ea
548 2649 599 2693 de
631 2644 834 2704 praesente
866 2642 1047 2688 auctoris
1082 2641 1193 2686 libro
1238 2638 1432 2694 descripsi
1459 2671 1472 2692 ,
1515 2650 1586 2683 aut
1631 2638 1808 2690 monui,
1841 2637 1910 2681 ubi
1945 2637 1978 2681 is
2011 2637 2121 2680 liber
2152 2651 2239 2680 non
2271 2635 2355 2680 fuit

219 2706 273 2749 ad
305 2720 478 2751 manus.
511 2706 569 2750 Et
602 2717 750 2750 tamen
783 2702 915 2746 etiam
945 2700 988 2744 id
1021 2702 1107 2755 jure
1139 2709 1291 2754 repeto
1315 2730 1330 2750 ‚
1361 2696 1518 2740 citatos
1551 2697 1670 2739 locos
1704 2696 1807 2751 faepe
1839 2709 1928 2738 non
1962 2695 2057 2737 ideo
2089 2709 2112 2736 a
2144 2709 2214 2738 me
2247 2693 2350 2736 cita-

220 2765 257 2808 ri
278 2798 292 2819 ,
322 2767 434 2818 quod
467 2764 582 2808 idem
615 2775 788 2807 mecum
821 2759 892 2802 Cl.
925 2757 1021 2801 Viri
1055 2757 1244 2800 dixerint
1270 2787 1280 2798 .
1315 2753 1440 2809 Effe,
1469 2754 1543 2808 qui
1577 2754 1655 2797 alia
1688 2786 1701 2807 ,
1749 2764 1921 2796 tantum
1966 2754 2013 2793 ad
2046 2765 2141 2795 eam
2173 2765 2263 2793 rem
2296 2750 2354 2794 fa-

217 2821 378 2866 cientia
397 2857 410 2878 ,
442 2821 521 2866 effe
541 2855 555 2875 ,
585 2820 659 2877 qui
693 2816 908 2864 contraria
938 2815 1156 2866 dixerint,
1186 2812 1229 2855 &
1260 2823 1429 2856 certum
1461 2811 1518 2855 est
1548 2812 1589 2856 8<
1622 2811 1819 2866 frequens
1843 2842 1855 2862 ,
1887 2808 2058 2864 quoties
2089 2807 2351 2864 scriptorum

220 2879 402 2924 nomina
432 2880 550 2924 nolui
584 2879 642 2923 ita
675 2877 936 2934 producere,
964 2885 1012 2918 ut
1042 2870 1304 2924 refutarem,
1333 2880 1563 2914 contentus
1597 2868 1813 2914 ostendere
1859 2866 2065 2922 citando,
2097 2880 2166 2910 me
2195 2878 2352 2911 eorum

221 2950 472 2994 argumenta
503 2935 730 2982 audivisse,³
1405 2984 1414 2991 ,

282 2995 350 3039 Ita
380 2996 504 3050 vale,
534 2993 727 3037 Candide
758 2990 935 3047 LeHor,
967 2991 1009 3036 8<
1040 2986 1253 3035 laboribus
1284 2983 1439 3031 nostris
1472 2982 1601 3030 fave..

337 3052 458 3110 Rupe
488 3051 808 3107 Helvetiorum,
837 3049 906 3094 die
941 3064 1005 3094 11.
1035 3046 1185 3104 April.
1224 3050 1343 3102 1763.

224 3182 316 3200 Ἀ
555 3181 684 3198 ω
1049 3175 1514 3195 “*.-*
1529 3166 2363 3189 Μ*ι**-*ι*

275 3217 334 3258 (7)
359 3222 397 3251 P.
426 3225 503 3257 146.
642 3217 699 3258 (8)
727 3220 761 3250 Ρ.
788 3219 842 3256 48.
1361 3208 1444 3254 (ιτ)
1469 3183 1609 3245 Ρ.·ι8ο.
1656 3205 1735 3254 (12)
1760 3211 1796 3242 P.
1821 3209 1899 3242 228·

277 3260 336 3307 (9)
357 3266 397 3297 Ρ.
425 3274 502 3306 ²7²·
629 3262 725 3305 ’(ιο)
751 3266 787 3298 Ρ.
817 3268 893 3306 175.
920 3267 996 3305 177.
1021 3256 1084 3295 ἃς.
1360 3257 1444 3304 (¹3)
1467 3257 1504 3291 Ρ.
1530 3261 1607 3298 236.
1632 3253 1718 3299 seqq.
