2566 3641
497 148 1691 226 sE·cT.1·.1NTELLEcTus.
1885 132 1888 133 ’
2033 152 2117 207 36,

363 278 402 332 §.
433 277 517 322 III.
549 280 699 337 ‚Quare
728 275 879 321 animae
909 290 988 320 non
1021 272 1334 333 repraefientatur
1361 269 1564 330 objeflum
1595 282 1834 316 externum.

144 394 346 440 Maxime
377 392 675 438 memorabilis
707 394 797 438 haec
829 392 886 437 est
917 389 1161 436 observatio
1187 424 1199 445 ‚
1231 385 1273 432 8<
1306 388 1518 443 profunde
1549 396 1692 431 totam
1724 385 1885 430 mentis
1917 385 2117 432 humanae·

91 452 391 508 cognitionem
424 450 688 509 ingreditur.
723 451 807 495 Res
837 449 926 507 ipsa
959 461 1074 492 certa
1105 446 1189 500 est,
1223 447 1263 489 8<
1295 447 1454 489 dudum
1487 444 1664 500 quidem
1695 443 1988 488 animadversa
2020 447 2110 497 (n).

92 509 308 568 Distingui
341 525 446 554 vero
477 509 600 552 debet
630 518 852 562 accurate,
883 507 925 550 &
958 505 1118 550 ostendi
1138 538 1151 558 ,
1184 517 1320 556 neque
1355 504 1397 547 in
1429 502 1604 547 cerebro
1637 500 1927 557 repraesentari
1963 502 2119 557 imagi-

90 581 162 610 nes
195 583 367 621 rerum,
399 580 534 622 neque
566 566 611 612 in
643 565 810 610 anima.
845 566 896 610 In
924 563 1016 607 visu
1048 562 1153 607 radii
1186 560 1399 614 colorati,
1432 571 1552 604 certo
1583 561 1713 617 gradu
1742 560 1962 613 modoque
1985 559 2118 602 refra-

93 624 146 667 &i
167 659 178 678 ‚
210 624 255 668 in
287 626 433 669 retinae
462 623 587 668 fibras
621 623 846 677 incidunt,
877 620 1028 677 easque
1057 631 1267 665 emovent
1289 653 1299 662 .
1329 617 1379 661 In
1412 619 1634 663 cerebrum
1668 616 1862 661 nostrum
1895 615 2006 659 nihil
2039 616 2116 661 nisi

91 694 236 726 motus
269 682 467 738 pervenit
499 683 582 735 (o).
613 681 714 726 Fuit
745 680 816 724 vir
846 676 1119 736 ingeniosus,
1151 677 1223 733 qui
1257 675 1496 732 imaginem
1545 673 1856 732 quadranguli,
1889 673 1934 717 in
1967 686 2119 717 exem-

94 741 197 794 plo,
230 754 305 795 per
334 739 406 783 fila
436 739 643 783 continua
673 738 718 782 in
751 738 971 783 cerebrum
1003 735 1063 780 ita
1095 734 1266 780 transire
1297 733 1459 777 diceret
1479 768 1491 787 ‚
1539 747 1585 777 ut
1618 732 1945 777 conservaretur
1976 731 2119 776 utrin-

95 810 177 851 que
211 797 253 840 in
285 798 415 842 oculo
446 798 486 841 &
518 797 693 841 cerebro
725 810 802 851 par
832 794 1095 838 lineolarum
1121 790 1380 846 inclinati03
1415 791 1475 835 ita
1507 791 1745 847 imaginem
1777 789 1821 833 in
1843 789 2019 833 cerebro
2052 789 2116 833 in·

94 854 219 898 scribi
253 852 335 904 (θ’)
365 886 374 898 .
411 855 576 898 Verum
608 852 734 909 ponit
784 851 854 896 vir
882 851 953 895 Cl.
983 865 1060 907 per
1089 848 1243 894 solidas
1285 847 1411 891 fibras
1458 860 1630 892 motum
1677 847 1917 892 continuari
1938 881 1951 899 ,
1984 860 2118 902 quem

96 911 353 955 ostendimus
386 911 583 968 progredi
615 925 691 967 per
720 925 788 954 eas
818 908 944 953 fibras
977 923 1064 951 non
1096 906 1238 963 posse.
1273 909 1392 962 Ergo
1425 905 1490 959 is,
1524 919 1656 961 quem
1700 920 1723 948 a
1754 905 1893 948 retina
1923 904 2114 948 diximus

96 969 322 1026 propagari
355 981 528 1022 motus,
559 969 604 1012 in
634 968 809 1012 cerebro
840 979 990 1019 natus,
1021 979 1110 1009 non
1145 963 1201 1007 est
1234 963 1380 1020 imzigo
1413 963 1609 1019 corporis
1642 961 1718 1006 visi
1751 963 1838 1018 (p)
1858 995 1869 1015 ‚
1903 974 1948 1005 ut
1981 961 2120 1005 osten-

97 1027 266 1078 dimuS,
296 1040 432 1081 neque
463 1025 520 1069 est
551 1024 768 1070 radiorum
801 1036 922 1069 certo
967 1024 1096 1081 gradu
1127 1020 1473 1077 refrangibilium
1518 1020 1563 1064 in
1596 1020 1756 1064 cerebri
1809 1018 1936 1063 fibras
1969 1019 2116 1062 aelio:

98 1083 155 1127 est
186 1097 355 1137 autem,
387 1094 595 1138 quantum
627 1082 824 1126 videmus
852 1115 865 1137 ‚
912 1093 1058 1125 motus
1103 1080 1149 1124 in
1179 1080 1355 1124 cerebro
1386 1078 1600 1124 excitatus
1645 1093 1668 1121 a
1698 1089 1824 1122 motu
1853 1113 1866 1133 ,
1909 1091 2042 1134 quem
2073 1077 2120 1121 in

99 1143 227 1185 oculo
258 1154 485 1184 externum
518 1154 671 1195 corpus
702 1139 841 1184 visum
873 1138 1113 1183 excitavit.

159 1200 279 1241 Idem
311 1198 356 1241 in
386 1197 546 1241 cerebri
577 1196 748 1241 fibrillis
779 1196 991 1241 excitatus
1024 1206 1170 1240 motus
1203 1209 1314 1239 nunc
1357 1194 1463 1239 alius
1497 1195 1539 1239 8<
1569 1193 1675 1238 alius
1709 1193 1798 1247 est,
1831 1209 1930 1238 cum
1964 1192 2119 1240 iisdem

98 1255 276 1309 objeeiis
308 1256 349 1298 ἃ
382 1256 473 1300 luce
505 1255 653 1298 eadem
673 1288 687 1308 ‚
717 1254 781 1298 uti
814 1257 958 1299 oculus
992 1253 1133 1297 noster
1164 1252 1303 1309 magis
1336 1252 1534 1297 minusve
1565 1266 1786 1296 convexus
1818 1284 1831 1304 ,
1864 1251 2000 1308 magis
2035 1253 2120 1296 mi-

98 1313 231 1358 nusve
263 1325 383 1357 tener
408 1346 421 1366 ,
471 1312 605 1369 magis
640 1311 834 1356 minusve
867 1313 1083 1356 coloratus
1115 1310 1245 1355 fuerit
1270 1343 1284 1364 ‚
1326 1308 1377 1353 δὲ
1401 1323 1493 1365 quae
1525 1309 1617 1353 aliae
1649 1309 1745 1354 sunt
1779 1310 1930 1366 organi
1964 1309 2120 1355 visorii

98 1370 369 1414 conditiones
403 1371 490 1424 (q).
527 1369 700 1413 Relatio
733 1384 836 1426 ergo
868 1369 924 1412 est
955 1369 1097 1424 aliqua
1128 1368 1242 1411 inter
1293 1381 1477 1423 corpora
1507 1378 1684 1410 externa
1715 1398 1730 1421 ,
1775 1365 1816 1409 8(
1852 1367 1892 1410 id
1925 1369 2042 1423 quod
2073 1369 2122 1413 in

101 1429 278 1472 cerebro
308 1429 359 1470 ab
390 1442 542 1471 eorum
573 1426 850 1482 impreffione
880 1426 962 1480 fit,
994 1441 1081 1470 non
1115 1426 1260 1481 imago
1289 1424 1461 1479 aliqua,
1492 1438 1630 1481 neque
1663 1424 1889 1468 modulus.

164 1485 300 1529 Porro
332 1485 375 1528 in
410 1483 554 1540 sapore
586 1483 680 1528 salis
713 1484 865 1528 marini
898 1488 956 1538 (r)
986 1482 1122 1540 figura
1154 1483 1299 1527 cubica
1330 1482 1387 1526 est
1414 1515 1427 1536 ‚
1459 1481 1709 1539 prismatica
1740 1481 1786 1525 in
1817 1480 1920 1526 nitri
1955 1480 2117 1538 sapore.

103 1544 210 1587 Non
241 1542 413 1586 affirmo
455 1541 632 1597 quidem
663 1542 715 1585 ab
746 1556 891 1586 earum
921 1540 1157 1598 figurarum
1187 1539 1434 1585 discrimine
1468 1539 1665 1595 saporum
1700 1538 1825 1583 unice
1858 1537 1973 1593 sequi
2001 1537 2116 1596 (r*);

101 1598 168 1644 sed
201 1600 387 1655 aliquam
422 1611 567 1643 tamen
597 1599 642 1642 in
672 1598 808 1656 figura
837 1599 1029 1655 partium
1059 1598 1353 1642 diversitatem
1386 1599 1436 1640 ad
1469 1597 1701 1642 discrimen
1735 1597 1779 1640 in
1813 1594 1960 1651 sapore
1982 1597 2121 1641 facere

101 1673 232 1702 nemo
265 1657 484 1713 negaverit
517 1657 603 1709 (s).
639 1656 766 1700 Nunc
798 1659 904 1700 adeo
935 1656 979 1699 in
1010 1656 1182 1712 lingua,
1211 1658 1316 1698 dum
1349 1655 1455 1711 sapit
1482 1687 1495 1706 ‚
1522 1655 1730 1710 quadrata
1765 1652 2014 1708 corpuscula
2048 1667 2121 1699 aut.

101 1716 315 1766 rotunda,
348 1715 394 1756 ad
429 1714 581 1770 linguae
614 1715 793 1769 papillas
835 1714 1106 1770 applicantur
1138 1746 1151 1765 ,
1196 1713 1383 1757 afficitur
1426 1726 1580 1757 nervea
1625 1711 1752 1766 pulpa
1797 1723 1918 1755 certo
1963 1724 2120 1767 motu;

107 1771 356 1833 quem-sola
388 1770 532 1827 lingua
564 1771 652 1827 pati
684 1782 782 1826 apta
813 1771 871 1815 est
891 1804 904 1825 ,
937 1786 1038 1814 nam
1070 1784 1118 1813 ea
1147 1768 1292 1826 figurae
1323 1769 1534 1825 quadratae
1582 1768 1624 1812 8<
1673 1768 1944 1823 triangularis
1976 1770 2124 1813 discri-

100 1843 219 1872 mina
252 1842 295 1870 in
329 1827 551 1882 particulis
583 1827 816 1884 saporificis
847 1844 868 1871 a
901 1827 1104 1883 proxima
1137 1839 1233 1871 cute
1265 1841 1354 1870 non
1385 1827 1729 1882 distinguuntur.
1758 1825 1800 1868 Si
1828 1826 1970 1880 cutis,
1992 1826 2018 1870 fi
2041 1827 2122 1871 lin-

100 1901 189 1941 guae
223 1884 435 1940 epithelio
468 1884 612 1929 nudati
645 1885 767 1929 nervi
800 1886 968 1942 sapores
1018 1900 1104 1929 non
1136 1884 1399 1940 distinguunt
1433 1885 1511 1936 (t)
1532 1916 1543 1936 ,
1589 1896 1726 1938 neque
1756 1883 1861 1927 adeo
1893 1884 2120 1929 cerebrum

74 1991 77 1994 Α
104 1942 268 1996 poterit
303 1956 354 1984 eo
387 1943 521 1985 modo
552 1942 664 1986 affici
698 1957 772 1998 per
789 1958 1023 1987 nervorum
1056 1943 1361 1987 continuatum
1393 1940 1583 1993 systema,
1601 1953 1647 1984 ut
1668 1941 1894 1996 quadratas
1923 1941 1964 1985 ὅ(
1988 1941 2118 1985 trian-

105 1998 274 2059 gulare}
303 1996 459 2059 figuras
492 1999 734 2053 percipiat:
769 2001 807 2044 ἃ
844 2000 1000 2044 iterum
1034 1999 1210 2044 mutatis
1244 1999 1396 2055 linguae
1427 1998 1665 2042 involucris
1695 2030 1708 2051 ‚
1749 1996 1791 2040 ὃ(
1824 1995 1965 2042 salivae
1997 1997 2121 2044 indo⁴

103 2055 174 2107 le,
205 2054 276 2096 alu
310 2055 468 2116 alilque
499 2053 668 2109 sapores
702 2056 887 2111 ejusdem
920 2056 1075 2110 objec'ti
1109 2056 1152 2099 in
1185 2055 1360 2100 cerebro
1394 2055 1689 2111 percipientur
1719 2057 1814 2109 (u).
1982 2085 1984 2087 -
2083 2078 2087 2079 ν

135 2111 317 2174 ‘Multo
343 2125 485 2173 minus
517 2111 700 2156 omnino
733 2128 851 2157 mens
885 2112 1026 2158 nostra
1056 2112 1322 2168 objeciorum
1357 2125 1635 2156 externorum
1680 2111 1890 2167 imagines
1921 2112 1963 2156 8<
1996 2113 2125 2159 vesti‹

95 2182 172 2230 gia
205 2180 418 2223 perc1p1t,
450 2169 552 2212 dum
585 2168 740 2214 sentit.
774 2172 1010 2215 Cerebrum
1037 2205 1050 2224 ,
1097 2172 1197 2214 dum
1243 2168 1440 2214 videmus
1468 2202 1481 2223 ,
1527 2182 1702 2214 motum
1749 2169 1939 2225 aliquem
1982 2172 2122 2226 perci-

104 2237 171 2281 pit
203 2226 297 2279 (x),
329 2240 448 2288 mens
481 2225 620 2271 nostra
652 2242 703 2270 ne
735 2241 908 2273 motum
941 2228 1116 2284 quidem
1149 2261 1162 2281 ,
1196 2229 1335 2271 multo
1368 2227 1509 2272 minus
1555 2226 1772 2270 distantias
1807 2259 1820 2279 ,
1861 2230 2124 2284 magnitudi-

102 2296 237 2345 nem,
269 2284 310 2327 ὅ(
343 2283 453 2336 alia,
487 2297 579 2340 quae
610 2300 709 2329 vere
740 2285 834 2330 sunt
867 2287 911 2329 in
943 2286 1222 2342 corporibus7
1254 2299 1345 2341 quae
1377 2285 1599 2328 videmus.
1635 2283 1829 2328 Rubrum
1862 2284 2008 2337 videt,
2031 2302 2122 2332 non

107 2340 292 2384 laminas
326 2343 474 2384 rubros
507 2342 645 2387 radios
675 2343 938 2388 reflefflentes
970 2347 1092 2403 (y),
1123 2342 1390 2390 absorbentes
1422 2342 1531 2385 alios
1563 2341 1731 2396 radios,
1762 2353 1851 2385 non
1883 2341 2024 2387 radios
2055 2359 2121 2388 ru-

218 2395 372 2440 Haller
399 2396 636 2457 Phyfiolog.
667 2401 783 2447 Tom.
815 2403 863 2446 V.
1443 2399 1489 2445 A
1523 2414 1546 2443 a
1575 2414 1599 2443 a
1684 2422 1687 2423 ν
2021 2401 2122 2446 bros

104 2637 552 2655 mmm-—

777 2644 1044 2657 -u—-u—-n—
1050 2642 1416 2657 *nn-m.
1421 2642 1930 2661 ——n—-Q—
1937 2641 2120 2657 -ι-ᾱ

146 2772 208 2818 (n)
234 2779 301 2810 Fra
326 2782 425 2813 Panlo
453 2779 487 2813 in
513 2779 583 2814 vita
609 2781 769 2816 Griselini
797 2793 828 2824 p.
857 2790 901 2821 51.
925 2779 1079 2814 Galilaus
1138 2778 1330 2813 Admiserat
1373 2777 1538 2823 imagines
1581 2779 1751 2823 carusius
1784 2793 1817 2826 p.
1844 2792 1922 2824 133.
1966 2782 2119 2815 cranam

99 2818 264 2871 supplem.
290 2825 322 2856 al
348 2825 466 2858 Giorn.
495 2824 707 2862 de’Letter.I.
740 2827 850 2860 Hooke
875 2825 1026 2860 method.
1041 2823 1082 2858 of
1137 2835 1171 2868 p.
1201 2832 1277 2865 576.
1305 2827 1366 2858 &c.

98 2876 246 2909 unprov.
275 2872 420 2909 joannes
445 2870 549 2902 Locke
582 2872 622 2904 de
660 2873 935 2905 l'emendernent
961 2874 998 2904 L.
1027 2873 1076 2904 11.
1181 2873 1241 2914 (q)
1271 2875 1308 2903 L·
1334 2873 1427 2904 XVI·
1454 2869 1544 2904 Sef's·
1567 2880 1600 2909 4·
1627 2869 1657 2911 §-
1686 2874 1741 2905 ²8·

100 2920 129 2944 c.
155 2915 187 2945 8.
215 2915 360 2946 Newton
388 2927 407 2957 p
449 2918 523 2946 108.
563 2926 638 2956 109.
679 2919 866 2952 Boerhaave
905 2917 1015 2951 Instit.
1042 2927 1076 2948 n.
1181 2916 1238 2954 (τ)
1263 2921 1301 2950 L.
1330 2918 1432 2948 XIII.
1459 2915 1545 2949 Scist.
1572 2926 1603 2949 2.
1630 2915 1647 2957 ᾗ
1686 2926 1720 2957 5,

101 2967 175 2996 5¹0·
201 2960 456 2998 s'Gravesande
486 2962 530 2992 II.
557 2970 707 3002 n-z310.
738 2964 836 3002 3078.
867 2972 964 3001 3079.
980 2961 1078 2994 Olim
1184 2955 1256 3003 (τ’)
1285 2961 1368 2994 lbid.
1397 2961 1426 3002 §.
1440 2964 1472 2993 6.

99 3003 272 3038 socrates:
300 3005 394 3038 color
419 3004 514 3038 albus
542 3016 609 3038 non
647 3009 691 3041 est
726 3007 761 3040 in
796 3017 938 3051 corpore
974 3007 1076 3048 albo,
1177 3003 1233 3046 (s)
1262 3006 1348 3039 Ibid-

106 3056 211 3091 neque
238 3050 335 3083 ullibi
362 3051 540 3084 Theaetet.
1184 3050 1232 3095 (t)
1257 3052 1339 3085 Ibid.
1368 3052 1397 3093 §.
1427 3062 1458 3084 2.

110 3128 112 3131 ¹
143 3093 204 3131 (ο)
230 3095 309 3134 Hui.
337 3095 423 3133 Seti’t.
452 3097 481 3138 §.
511 3107 540 3128 2.
1185 3096 1243 3139 (u)
1271 3098 1352 3131 lbid.
1381 3096 1408 3137 §.
1436 3101 1469 3128 6.

145 3135 220 3176 (θ’)
248 3143 367 3176 Hamb.
396 3146 527 3184 Magaz,
552 3149 688 3187 ¹²:¹²⁷?-
710 3147 786 3185 363.
898 3164 901 3167 -
1177 3141 1235 3185 (x)
1262 3141 1339 3179 Hui.
1370 3140 1452 3174 sest.
1483 3140 1562 3183 §.29

146 3179 202 3225 (ρ)
229 3187 345 3220 Pluche
370 3188 478 3232 spect.
504 3188 545 3222 de
570 3189 604 3222 Ia
629 3196 746 3224 nature
774 3197 800 3224 t.
815 3200 843 3232 ς.
861 3193 1069 3233 p.161.162.
1178 3191 1240 3234 (y)
1263 3193 1304 3224 L.
1323 3189 1414 3223 XVI.
1431 3188 1521 3223 Sest.
1538 3199 1571 3230 3·
1597 3178 1701 3231 §fib
1763 3217 1766 3219 -
