2566 3641
274 149 369 192 ‚108
768 139 1960 194 LIB.X1'V.OLFACTU'S.

284 204 330 247 ri
361 203 618 318 (egdignum
660 216 796 262 eunt,
826 209 870 252 8<
912 207 1002 264 ejus
1048 201 1211 251 arteriae
1243 199 1433 246 trunculi
1481 203 1718 249 anteriores
1763 202 1811 247 in
1857 202 2026 247 narium
2072 200 2287 259 postrema
2332 202 2424 249 sub-

282 274 390 306 eunt
525 297 535 308 .

345 320 414 364 Ex
446 323 596 366 eadem
627 321 782 366 arteria
813 332 933 367 ortus
965 333 1108 366 ramus
1140 314 1377 377 palatinus,
1408 315 1652 361 anti-orsum
1683 318 1777 367 (e)
1810 332 1887 374 per
1918 316 2081 362 osseum
2131 318 2321 373 palatum
2354 318 2429 361 de-

287 393 494 434 currens,
526 394 626 423 cum
658 378 788 424 sodali
821 379 895 425 suo
926 379 975 422 ad
1008 377 1158 421 suturae
1192 370 1379 434 iiicisivae
1411 372 1553 417 sedem
1584 388 1731 417 arcum
1765 375 1870 419 facit
1901 374 2016 430 (f),
2049 390 2101 419 ex
2122 389 2210 430 quo
2241 374 2427 420 surculus

287 449 368 491 per
398 436 596 481 foramen
628 436 854 488 incisivum
887 435 1032 496 primo
1063 430 1271 487 simplex,
1302 429 1401 473 inde
1431 430 1619 486 duplex,
1639 429 1768 486 inque
1800 433 1899 477 duas
1917 446 2036 477 nares
2066 432 2189 478 fissile
2208 468 2221 489 ‚
2253 433 2425 478 inmea-

287 503 386 538 tum
420 493 588 539 narium
623 493 827 539 infimum
859 502 979 534 venit
1012 489 1117 544 (g).

347 550 500 597 Etiam
529 551 632 597 alibi
663 552 778 595 inter
808 547 978 593 narium
1007 561 1188 592 caveam
1222 543 1450 598 infimam,
1478 542 1522 587 &
1553 543 1669 587 inter
1699 546 1895 600 palatum
1927 544 2091 592 offeum
2123 547 2261 594 multa
2291 548 2348 594 est
2364 547 2432 595 fo-

288 608 514 654 raminum
547 609 698 664 copia,
729 621 809 664 per
837 619 931 662 quae
961 621 984 649 a
1016 606 1163 662 palato
1194 604 1239 649 in
1270 618 1400 666 nares⁸
1425 600 1594 666 vascula
1625 602 1908 647 adscendunt.

347 667 435 712 His
466 667 634 712 narium
664 663 837 710 arteriis
864 663 1096 721 proprium
1128 662 1212 716 est,
1243 673 1291 706 ut
1322 661 1535 706 facxllime
1560 670 1674 703 inter
1704 674 1857 704 omnes
1888 661 2086 716 corporis
2116 662 2294 708 humani
2321 674 2429 708 arte·

287 724 420 771 riolas
452 723 725 780 aperiantur,
756 723 799 768 &
830 719 1081 780 sanguinem
1112 719 1426 774 dimittant,&
1457 718 1586 775 paulo
1619 716 1713 772 post
1727 716 1882 773 absque
1916 717 2019 764 vitii
2049 717 2230 776 vestigio
2262 721 2429 765 censer.

291 794 446 826 veant.
479 780 687 837 Quonam
718 795 772 825 ex
805 791 963 826 trunco
992 777 1203 826 arterioso
1233 776 1382 823 veniat
1415 776 1450 821 is
1481 774 1676 833 sangui5‚
1707 789 1839 831 quem
1883 788 2003 820 nares
2049 775 2292 832 amittunt,
2343 792 2434 822 non

290 850 433 884 certus
463 838 684 893 dixerim,
714 854 768 882 ex
800 837 1011 895 supremis
1042 837 1083 881 ὃ(
1106 837 1363 894 plerumque
1395 832 1683 879 anterioribus
1698 831 1948 878 descendere
1981 833 2202 890 probabile
2216 833 2435 888 fit,ade0-

287 911 375 953 que
405 910 458 941 ex
489 897 656 942 arteriae
689 897 1004 954 ophthalmicae
1034 894 1194 946 ramis,
1222 893 1266 936 ὃ(
1296 890 1575 949 potissimum
1605 904 1660 934 ex
1691 889 1941 935 ethmoidea
1988 891 2226 937 anteriori.
2259 892 2434 949 Quare,

292 970 395 1000 curn
428 970 476 999 ea
507 955 710 1000 carotidis
744 955 923 999 internae
952 953 1004 997 sit
1034 965 1263 1009 propago,
1293 949 1548 1007 sanguinem
1579 962 1656 1005 per
1687 947 1896 1005 ejusmodi
1930 948 2158 994 effluvium
2203 964 2226 993 a
2256 951 2434 996 cerebro

293 1024 502 1070 potenter
532 1014 683 1057 revelli
716 1023 921 1069 apparet,
953 1024 1092 1068 neque
1123 1008 1350 1054 obscurum
1383 1006 1468 1061 est,
1498 1022 1573 1050 cur
1603 1007 1708 1051 adeo
1740 1006 2017 1052 manifestum
2046 1007 2092 1050 in
2122 1006 2304 1052 summis
2319 1024 2436 1054 rnor-

294 1071 359 1115 bis
394 1071 547 1125 capitis
581 1071 737 1115 interni
770 1086 794 1113 a
824 1069 1000 1114 fortiori
1033 1066 1205 1112 narium
1241 1065 1560 1128 haemorrliagia
1590 1065 1788 1108 levamen
1820 1064 2114 1121 percipiatur,
2145 1067 2269 1120 quale
2287 1065 2372 1122 ipse
2392 1066 2438 1110 in

295 1129 547 1186 gravissimo
578 1128 860 1186 erysipelaceo
892 1126 1047 1184 capitis
1078 1124 1264 1179 morbo,
1295 1122 1455 1168 amiffis
1486 1136 1597 1180 pene
1628 1132 1813 1176 quatuor
1845 1122 1959 1167 intra
1990 1121 2167 1167 biduum
2209 1137 2285 1179 per
2315 1139 2438 1168 nares

293 1187 445 1240 libris,
478 1187 680 1243 percepi,
712 1188 754 1232 ἃ
786 1197 931 1245 gratus
966 1184 1198 1229 recordor.
1232 1182 1340 1227 Non
1370 1180 1464 1224 aliae
1496 1194 1602 1225 vero
1635 1179 1680 1223 in
1711 1194 1895 1235 corpore
1923 1180 2114 1224 humano
2145 1181 2312 1225 arteriae
2344 1181 2438 1238 pari

294 1244 506 1290 facilitate
540 1245 789 1302 sanguinem
820 1244 1058 1296 exhalant3
1092 1255 1192 1285 nam
1225 1239 1370 1302 etiam·
1393 1237 1439 1282 in
1469 1248 1595 1282 utero
1626 1236 1794 1292 aliquot
1827 1236 2166 1293 septimanarum
2198 1239 2319 1285 labor
2349 1238 2438 1294 est,

296 1302 472 1347 arterias
505 1303 554 1346 ad
586 1303 901 1347 dimittendum
932 1301 1200 1346 menstruum
1231 1299 1481 1353 sanguinem
1513 1309 1773 1352 praeparare.

356 1360 437 1404 Uti
471 1375 579 1405 vero
611 1362 763 1415 facile,
796 1360 856 1404 ita
888 1361 1082 1404 multum
1114 1355 1366 1413 sanguinem
1396 1355 1461 1399 hae
1492 1353 1658 1398 arteriae
1690 1352 1933 1406 amittunt,
1963 1363 2010 1397 ut
2043 1353 2144 1397 alias
2176 1352 2438 1399 ostendimus

296 1417 417 1473 (h).
451 1420 644 1463 Venetus
676 1418 828 1464 tonsor
872 1416 978 1472 (i),
1009 1431 1110 1461 cum
1155 1416 1261 1468 pilos
1292 1414 1349 1476 de
1389 1412 1558 1456 naribus
1591 1409 1826 1466 resecaret,
1870 1422 2039 1456 tantam
2071 1411 2276 1467 imperita
2308 1427 2437 1457 manu

298 1477 664 1533 haemorrhagiam
710 1475 951 1529 excitavit,
995 1488 1042 1519 ut
1087 1472 1217 1518 miser
1260 1470 1466 1529 perierit.
1501 1469 1718 1513 Enormes
1750 1467 1856 1525 saepe
1898 1467 2114 1526 sanguinis
2147 1469 2348 1525 jasium&
2392 1470 2438 1514 in

293 1534 735 1637 fiorbisgniliaribus
752 1568 766 1592 ‚
797 1534 840 1579 8<
869 1533 1052 1579 variolis
1084 1531 1264 1578 salubres
1282 1563 1295 1586 ,
1327 1529 1374 1574 in
1403 1526 1524 1575 senio
1555 1541 1663 1574 vero
1693 1526 1819 1578 facile
1849 1528 1899 1572 ad
1931 1527 2176 1584 hydropem
2206 1528 2437 1584 ducentes,

317 1606 404 1649 aepe
437 1608 482 1637 vi
513 1608 554 1638 1.

1068 1706 1107 1762 §.
1139 1704 1290 1751 XVII.
1326 1706 1445 1750 Venae
1474 1702 1670 1749 narium.

354 1824 521 1870 Earum
565 1824 742 1871 historia
788 1839 897 1883 pene
941 1822 1240 1869 destituimur.
1284 1813 1454 1866 Trunci
1498 1817 1586 1865 sere
1616 1816 1774 1864 fimiles
1805 1814 1932 1873 sunt,
1962 1828 2010 1864 ut
2041 1817 2322 1864 arteriarum.
2362 1816 2440 1862 Ab

294 1884 611 1938 ·ophthalrnica
641 1899 750 1928 vena
781 1883 1058 1929 ethmoideos
1091 1896 1233 1926 ramos
1265 1879 1385 1934 vidi,
1414 1890 1485 1924 aut
1506 1877 1736 1934 proximos
1768 1876 2058 1931 arteriis,aut
2089 1874 2312 1932 communi
2330 1874 2440 1920 ostio
2508 1910 2513 1915 ,

304 1953 431 1985 'nares
463 1940 712 1986 subeuntes.
744 1942 921 2000 Magnae
952 1939 1117 1986 arteriae
1145 1937 1298 1983 >nasalis
1327 1937 1443 1982 socia
1473 1951 1583 1981 vena
1614 1935 1737 1980 venit
1784 1949 1807 1978 a
1837 1946 1992 1979 trunco
2029 1933 2290 1990 temporali,
2332 1933 2442 1976 alio-

306 2011 426 2054 que,
457 1999 531 2053 qui
564 2014 587 2041 a
619 1999 820 2056 jugulatis
854 2014 966 2044 venae
998 1997 1216 2055 profundo
1246 2010 1370 2042 ramo
1396 1994 1608 2047 nascitur,
1639 1992 1737 2037 vasa
1767 1992 2014 2050 pharyngis,
2028 1993 2244 2044 faucium,
2275 1989 2440 2054 palati,

307 2056 468 2112 linguae
501 2056 724 2113 postremae
757 2058 935 2111 edente,
964 2057 1008 2100 δ(
1039 2070 1141 2099 cum
1170 2054 1433 2099 diverticulo
1462 2049 1705 2110 Sanrffiqrini
1737 2051 1821 2094 late
1852 2052 2204 2095 communicante
2235 2048 2365 2101 (ι’).

367 2113 494 2157 Alias
525 2114 692 2159 narium
725 2125 884 2170 venas,
916 2114 986 2160 sed
1017 2128 1106 2158 non
1135 2112 1233 2158 satis
1266 2110 1463 2158 definitas
1483 2145 1497 2167 ,
1542 2109 1681 2155 smum
1711 2107 2006 2155 falciformem
2034 2107 2150 2154 adire
2179 2105 2290 2164 apud
2335 2117 2443 2152 non-

298 2173 450 2217 -nullos
483 2171 553 2215 Cl.
587 2172 706 2216 viros
738 2173 837 2230 lego
868 2171 985 2228 (k).

368 2228 441 2275 Ex
469 2228 560 2276 sinu
590 2230 855 2289 sphenoideo
884 2230 931 2276 in
960 2230 1070 2278 finus
1102 2230 1214 2275 durae
1244 2228 1508 2275 membranae
1538 2226 1720 2273 veniunt
1751 2222 1892 2280 (ῥ’).

297 2765 2210 2799 -β-ι-ῴ--ῠῌ-,ηῇ-αμ--ῇ--ᾒ--ῄ--η

349 2902 408 2942 (c)
433 2901 547 2936 Meket
572 2912 607 2935 n.
635 2909 689 2943 45.
710 2900 826 2945 Janke
853 2902 899 2935 11.
927 2909 1027 2946 μη.
1057 2911 1113 2942 34.
1140 2899 1352 2934 Aurivillius
1441 2894 1502 2940 (i)
1531 2894 1668 2929 Conado
1696 2891 1828 2927 advers.
1857 2894 1901 2926 11-
1931 2896 1983 2931 36.
2261 2931 2268 2940 ,

313 2955 349 2991 p.
377 2957 431 2987 3²·
456 2947 539 2981 Tab.
565 2957 630 2981 art.
659 2947 790 2982 maxill.
817 2947 842 2980 l.
868 2955 896 2980 c.
1454 2939 1526 2986 (Ρ)
1553 2945 1638 2974 Puto
1663 2950 1763 2972 venas
1789 2936 1982 2981 posteriores
2009 2935 2140 2971 narium
2167 2939 2367 2967 arteriarum
2394 2930 2442 2964 so-

355 2992 410 3034 (d)
440 2994 653 3027 Aurivillius
678 3004 710 3039 p.
740 3004 794 3035 3¹·
820 2996 873 3025 An
899 2991 934 3026 hi
959 2992 1092 3028 canales
1123 2997 1266 3037 pterygo
1291 3001 1349 3036 pa·
1406 2988 1524 3028 dales,
1550 2987 1580 3019 δι
1607 2985 1791 3019 anteriores
1817 2982 2026 3018 ethmoideas
2053 3006 2065 3024 ‚
2099 2982 2130 3014 δι
2155 2979 2262 3020 alias,
2286 2978 2373 3011 forte
2399 2976 2442 3011 ab

311 3036 411 3070 latini
439 3038 573 3071 Bertim'
601 3047 627 3073 t.
655 3049 688 3073 2.
716 3052 737 3082 p
777 3048 856 3079 4²5·
1407 3031 1698 3069 infraorbitalibus
1724 3030 1817 3073 pingi
1843 3027 1933 3073 apud
1958 3033 2195 3069 Daverneyum
2228 3031 2254 3057 t.
2280 3033 2334 3063 14·
2359 3020 2382 3054 f.
2411 3032 2442 3068 ζ.

357 3083 416 3120 (e)
443 3083 566 3116 fascic.
597 3096 626 3117 2.
653 3094 715 3119 art.
743 3094 836 3120 max-
863 3083 923 3119 int.
950 3089 1070 3129 not.7.
1411 3092 1443 3122 5.
1470 3078 1642 3111 incifivam
1669 3087 1750 3109 vero
1775 3073 1801 3108 f.
1828 3087 1858 3116 3.

350 3125 413 3167 (f)
442 3128 531 3160 fasc.
557 3132 576 3161 8
615 3142 645 3174 p,
661 3135 704 3165 18.
1451 3122 1512 3166 (k)
1538 3123 1631 3157 Petit
1654 3121 1692 3155 ad
1719 3121 1845 3164 Palfyn
1869 3128 1960 3157 anat.
1987 3117 2144 3161 chisurg-
2171 3124 2205 3159 P·
2233 3122 2289 3155 50·

352 3171 413 3215 (g)
441 3175 651 3209 Aurim‘llius
675 3176 761 3212 ibid.
1449 3168 1536 3214 (ζ’)
1561 3165 1722 3212 Vieuffens
1747 3178 1780 3212 p.
1807 3178 1840 3209 9.

341 3215 407 3259 ¹0¹)
432 3220 471 3256 L.
498 3219 546 3252 ll·
572 3230 604 3265 p.
633 3231 711 3264 15²·
739 3224 816 3260 Lib.
845 3227 884 3261 V.
910 3234 945 3270 p.
973 3234 1006 3266 ³·
