2566 3641
967 126 990 173 1
1048 96 1204 172 N'o
1261 123 1300 168 E
1360 121 1427 166 x.
2091 129 2190 216 ,ἓν

159 168 367 290 ιγζΑΟμῖ
398 182 761 286 ρεγέρὶιατὶοηεηι
792 184 993 233 minuant
1034 183 1142 284 igi}
1205 198 1274 229 21.
1304 183 1562 239 Augmenta
1593 177 1876 225 inhalationis
2082 193 2096 220 ι
2130 193 2142 220 s
2178 205 2188 218 .

264 260 308 289 er
372 257 461 289 urm
493 257 542 288 us
1036 258 1049 286 ι
1084 258 1096 284 ι
1131 274 1142 286 .

217 302 398 355 frigidus
986 314 1050 360 55.
1093 305 1145 356 56
1437 294 1465 339 S
1496 292 1534 338 E
1566 292 1608 336 C
1638 293 1684 336 T
1720 294 1739 337 1
1773 293 1820 338 O
1880 292 1962 338 ῙΠ.

221 360 438 403 Cibotum
469 355 655 402 defeaus
1094 363 1145 412 56

218 417 333 463 mala
371 414 514 460 coftio
1038 413 1145 460 ibid.
1350 411 1391 453 T
1418 408 1537 453 AC
1566 409 1606 453 T
1637 409 1678 453 U
1702 410 1736 452 S
1792 408 1819 455 Ι
1844 409 1884 455 P
1912 409 1948 451 S
1976 408 2044 455 Ε.

217 474 299 517 alia
329 471 514 516 secretio
545 470 720 518 uberi0r
1095 487 1144 527 57

214 530 345 575 Cutis
376 531 478 573 dura
1036 527 1144 573 ibid.
1209 539 1246 571 1.
1277 523 1439 570 Tafius
1472 524 1649 582 proprie
1678 520 1815 568 didus
1847 522 1949 579 quid
1981 522 2033 567 sit
2131 527 2181 580 65

165 592 230 633 18.
267 587 450 631 Utilitas
482 584 810 644 per-spirationis
1035 586 1143 631 ibid.
1264 580 1401 639 Pulpa
1431 597 1586 629 nervea
1617 580 1852 627 adfricatur
1889 581 1940 624 ad
1972 594 2184 638 corpora,

217 646 269 691 ad
301 657 447 690 cutem
488 645 620 689 solam
1035 643 1143 687 ibid.
1319 654 1412 696 quae
1442 642 1643 686 volumus
1680 639 1941 696 cognoscere
2078 637 2184 683 ibid.

213 703 266 748 ad
299 700 545 747 universum
578 718 734 760 corpus
1090 705 1140 759 58
1260 697 1519 755 Digitorum
1552 697 1840 754 praerogativa
2129 702 2182 740 66

214 760 361 805 morbi
393 774 447 803 ex
477 760 650 804 rete‘nto
681 758 947 818 perspirabili
991 763 1056 817 58.
1092 773 1142 817 59
1259 770 1367 800 num
1399 755 1568 813 papillae
1599 755 1819 813 erigantur
2076 751 2184 798 ibid.

161 831 228 874 ²9·
261 816 357 862 Alii
389 818 480 862 haec
512 820 688 862 credunt
718 817 854 862 nimia
885 817 965 862 effe
1089 830 1140 874 59
1204 828 1242 857 2.
1275 813 1386 869 Quae
1417 827 1655 868 corporum
1668 812 1899 868 qualitates
1929 825 2008 870 per
2021 811 2183 857 taflurn

217 874 547 932 Perspirationis
607 876 920 921 diminutiones
979 873 1136 930 absque
1318 871 1618 916 innotescant.
1651 871 1809 928 Figura
2129 876 2183 925 637

275 933 436 978 morbo
1031 930 1136 975 ibid.
1255 929 1298 971 A
1310 927 1333 970 s
1327 928 1486 985 peritas
2076 924 2183 971 ibid.

215 990 259 1035 8(
289 1002 520 1048 augmenta
551 1006 651 1036 cum
683 991 972 1036 incommodo
1085 994 1141 1033 60
1259 985 1438 1031 Duritas
1983 1037 1989 1043 ¹
2076 983 2185 1031 ibid.

216 1049 288 1094 Ex
321 1049 508 1105 pondere
539 1049 864 1106 per-spirationis
895 1049 1139 1094 decremen-
1258 1044 1395 1088 Calor
2076 1041 2182 1086 ibid.

196 1124 201 1128 ·
274 1119 371 1151 tum
405 1121 493 1151 non
524 1107 748 1165 colligitur
1033 1104 1141 1148 ibid.
1259 1100 1475 1146 Distantia
2073 1099 2181 1143 ibid.

215 1162 433 1209 Debilitas
466 1163 524 1208 est
567 1179 590 1208 a
621 1163 801 1210 materIe
833 1163 975 1209 febrili
1025 1162 1141 1208 vires
1205 1176 1243 1218 3.
1276 1159 1397 1205 Num
1432 1159 1574 1204 minus
1596 1192 1606 1212 ‚
1640 1171 1772 1215 quarn
1804 1157 1960 1216 reliqui
2009 1156 2148 1203 sensus
2170 1192 2184 1212 ,

272 1222 498 1277 frangente
1031 1219 1139 1265 ibid.
1319 1217 1452 1261 taffi‘tus
1484 1216 1604 1261 fallat
2128 1218 2181 1260 68

160 1295 226 1324 20.
260 1279 478 1324 Inhalatio
1086 1286 1136 1322 61
1259 1274 1461 1320 Tantum
1493 1275 1543 1318 de
1574 1274 1828 1330 corporibus
1871 1274 2088 1319 extraneis
2119 1273 2180 1318 in-

213 1338 341 1382 Cutis
373 1338 559 1381 humana
591 1337 739 1394 pervia
770 1336 828 1382 est
1025 1333 1135 1380 ibid.
1311 1333 1453 1396 dicat,
1485 1344 1697 1388 quantum
1728 1347 1807 1391 per
1834 1332 2088 1378 velamenta
2112 1347 2181 1376 cu-

213 1409 292 1452 per
324 1409 454 1451 poros
486 1394 529 1438 in
561 1409 691 1439 venas
721 1396 923 1441 ducentes
1029 1392 1137 1438 ibid.
1312 1401 1368 1434 tis
1402 1392 1506 1435 licet
1552 1428 1556 1431 .
2074 1388 2181 1433 ibid.

211 1453 419 1508 exemplo
452 1452 710 1511 hydrargyri
919 1466 926 1472 ·
1030 1448 1137 1497 ibid.
1254 1446 1387 1492 nimis
1418 1446 1588 1492 subtilis
2074 1445 2181 1492 ibid.

213 1509 415 1554 Arsenici
1031 1504 1137 1553 ibid.
1255 1505 1388 1550 nimis
1419 1521 1516 1550 acer
1756 1519 1759 1522 ·
2074 1503 2182 1550 ibid.

214 1567 320 1612 Olei
635 1579 637 1581 ’
1082 1573 1137 1610 62
1214 1594 1224 1608 4
1254 1562 1536 1609 Consuetudo
2127 1570 2182 1618 69

214 1624 387 1671 Veneni
420 1621 670 1684 vegetabilis
1031 1620 1137 1668 ibid.
1196 1638 1239 1677 4.
1272 1621 1555 1666 Adfeetiones
1586 1620 1785 1678 corporis
1824 1620 2004 1668 humani
2036 1635 2090 1666 ex
2120 1632 2183 1666 ta·

216 1684 391 1728 'Veneni
425 1683 596 1728 venerei
1034 1678 1139 1725 ibid.
1318 1679 1388 1724 &u
1419 1691 1526 1723 natae
2073 1677 2181 1722 ibid.

221 1742 453 1798 vaporum
484 1740 716 1786 salubrium
1087 1745 1138 1795 63
1258 1736 1477 1793 Voluptas
2075 1732 2183 1781 ibid.

215 1798 405 1854 Vaporis
443 1799 565 1854 aquei
1034 1794 1140 1841 ibid.
1258 1795 1388 1840 dolor
2128 1811 2187 1848 70

216 1856 441 1900 Inhalatio
472 1856 518 1899 in
549 1868 643 1900 aere
675 1854 859 1899 humido
1034 1853 1140 1899 ibid.
1207 1867 1241 1910 5.
1274 1851 1567 1911 Epidermidis
1600 1851 1821 1897 necessitas
2074 1848 2182 1895 ibid.

217 1914 544 1969 Argumentum
577 1912 814 1968 repetitum
860 1926 884 1956 a
914 1911 1028 1958 lotio
1057 1927 1137 1969 po·
1256 1909 1375 1955 muci
1408 1909 1694 1967 malpigniani
2071 1907 2181 1952 ibid.

275 1982 370 2012 tum
404 1971 592 2013 multum
624 1969 848 2025 superante
1084 1976 1141 2025 64
1257 1967 1454 2026 pilorum
1577 1997 1580 1999 -
2075 1964 2184 2010 ibid.

218 2025 434 2071 Inhalatio
465 2026 539 2071 sub
570 2025 761 2072 cuticula.
1086 2034 1137 2084 65

746 2248 925 2294 LIB.
983 2246 1106 2293 XIII.
1165 2244 1580 2294 GUSTUS.

412 2366 440 2411 S
470 2363 507 2409 E
541 2365 582 2411 C
612 2366 657 2411 T
689 2364 710 2411 1
741 2365 790 2410 O
849 2364 887 2411 1.
1199 2378 1242 2420 4.
1274 2363 1445 2410 Fabrica
1475 2362 1739 2420 papillarum
2070 2361 2179 2412 ibid.

1259 2421 1355 2467 sunt
1387 2423 1723 2479 conglomeratae
2075 2421 2181 2468 ibid.

253 2481 585 2527 ORGANUM
609 2480 754 2539 EJUS
782 2479 1037 2526 SENSUS.
1260 2480 1425 2580 exstela
1460 2477 1662 2524 cellulosa
2071 2478 2179 2525 ibid.

1256 2553 1308 2581 va
1328 2553 1361 2581 is

162 2609 198 2639 ι.
228 2594 301 2640 Est
332 2596 479 2654 lingua
1083 2610 1133 2653 7¹
1257 2594 1403 2639 nervis
2071 2553 2180 2641 ibi7d5

243 2652 302 2697 Et
328 2711 337 2718 ι
359 2656 408 2698 ad
472 2653 643 2712 sapores
691 2666 808 2700 acres
855 2654 947 2701 aliae
995 2666 1139 2712 partes
1205 2667 1239 2711 5.
1275 2652 1558 2753 Indvoluerum
1590 2651 1746 2710 linguae
1774 2650 1999 2698 mucosum
2029 2651 2180 2710 ssepi--

274 2726 363 2756 oris
1116 2728 1139 2756 2
1344 2724 1474 2754 ermis
2072 2710 2179 2757 ibid.

159 2785 197 2814 2.
229 2767 281 2811 In
315 2769 459 2826 lingua
490 2768 584 2815 sunt
623 2771 795 2828 papillae
1029 2730 1137 2814 ibi7d.
1258 2768 1515 2824 Inventores
1547 2767 1670 2824 hujus
1703 2766 1921 2814 involucri
2069 2767 2176 2815 ibid.

212 2825 377 2870 Earum
413 2827 576 2873 Classes
615 2846 651 2874 1.
681 2838 879 2876 truncata
1025 2826 1134 2873 ibid.
1199 2833 1239 2871 6.
1273 2826 1449 2870 Fabrica
1480 2826 1806 2882 quadrupedum
2125 2836 2180 2882 76

156 2898 194 2942 3.
230 2900 265 2927 2.
298 2883 476 2948 thusae
1081 2901 1134 2951 73
1255 2884 1426 2941 papillae
1463 2883 1601 2940 iongae
2069 2882 2175 2933 ibid.

209 2941 498 2997 fungxsormes
1024 2940 1135 2988 ilud.
1254 2943 1419 3000 vaginae
1450 2941 1502 2984 ab
1532 2939 1800 2997 epidermide
2070 2940 2175 2989 ibid.

211 3015 250 3057 3.
282 2999 460 3044 Conicae
1026 2999 1134 3045 ibid.
1254 3015 1409 3055 corpus
1441 2998 1664 3043 reticula're
1698 2998 1970 3054 perforatum
2069 2998 2176 3050 ibid.

210 3074 250 3111 4.
286 3056 495 3102 Minimae
1077 3073 1136 3113 74
1195 3074 1235 3115 7·
1269 3057 1492 3101 Glandulae
1527 3057 1679 3109 linguat
1712 3054 1927 3110 simplices
2120 3077 2175 3117 77

213 3113 346 3172 Rugae
1025 3113 1133 3161 ibid.
1252 3116 1450 3162 foramen
1481 3129 1643 3162 caecum
1676 3113 1831 3173 linguae
1951 3128 1953 3131 ’
2017 3127 2087 3169 77.
2121 3123 2175 3171 78

2019 3174 2060 3217 8.
2090 3176 2179 3221 Ar·-
